{"prime":"con","number_set":{"balancesheet":[["Share Capital",{"2009-12-31":187.94,"2016-12-31":187.99,"2014-12-31":187.95,"2006-12-31":187.48,"2008-12-31":187.88,"2012-12-31":187.95,"2010-12-31":187.95,"2015-12-31":187.95,"2005-12-31":184.72,"2013-12-31":187.95,"2007-12-31":187.83,"2011-12-31":187.95}],["Reserves",{"2009-12-31":5828.2,"2016-12-31":8473.45,"2014-12-31":8047.66,"2006-12-31":2955.16,"2008-12-31":4739.85,"2012-12-31":7194.85,"2010-12-31":6281.54,"2015-12-31":8255.09,"2005-12-31":1951.21,"2013-12-31":7636.89,"2007-12-31":3964.78,"2011-12-31":7004.32}],["Borrowings",{"2009-12-31":566.92,"2016-12-31":50.02,"2014-12-31":0.0,"2006-12-31":915.98,"2008-12-31":482.03,"2012-12-31":163.06,"2010-12-31":523.82,"2015-12-31":35.5,"2005-12-31":1176.17,"2013-12-31":35.03,"2007-12-31":306.41,"2011-12-31":510.73}],["Other Liabilities",{"2009-12-31":3612.38,"2016-12-31":4933.82,"2014-12-31":4657.15,"2006-12-31":1954.24,"2008-12-31":3233.75,"2012-12-31":4588.33,"2010-12-31":4280.3,"2015-12-31":4545.77,"2005-12-31":1621.81,"2013-12-31":4472.0,"2007-12-31":2657.64,"2011-12-31":4460.8}],["Total Liabilities",{"2009-12-31":10195.44,"2016-12-31":13645.28,"2014-12-31":12892.76,"2006-12-31":6012.86,"2008-12-31":8643.51,"2012-12-31":12134.19,"2010-12-31":11273.61,"2015-12-31":13024.31,"2005-12-31":4933.91,"2013-12-31":12331.87,"2007-12-31":7116.66,"2011-12-31":12163.8}],["Fixed Assets",{"2009-12-31":4158.29,"2016-12-31":7462.38,"2014-12-31":5598.39,"2006-12-31":2922.49,"2008-12-31":3469.7,"2012-12-31":5863.87,"2010-12-31":5082.44,"2015-12-31":5284.98,"2005-12-31":2906.35,"2013-12-31":5503.96,"2007-12-31":3314.72,"2011-12-31":6207.53}],["CWIP",{"2009-12-31":2156.21,"2016-12-31":260.82,"2014-12-31":1914.63,"2006-12-31":558.42,"2008-12-31":1602.86,"2012-12-31":311.3,"2010-12-31":1562.8,"2015-12-31":2370.96,"2005-12-31":215.68,"2013-12-31":819.61,"2007-12-31":649.19,"2011-12-31":365.63}],["Investments",{"2009-12-31":1475.64,"2016-12-31":1804.21,"2014-12-31":1572.98,"2006-12-31":503.54,"2008-12-31":679.08,"2012-12-31":2553.55,"2010-12-31":1702.67,"2015-12-31":1475.7,"2005-12-31":293.75,"2013-12-31":2194.02,"2007-12-31":844.81,"2011-12-31":1624.95}],["Other Assets",{"2009-12-31":2405.3,"2016-12-31":4117.87,"2014-12-31":3806.76,"2006-12-31":2028.41,"2008-12-31":2891.87,"2012-12-31":3405.47,"2010-12-31":2925.7,"2015-12-31":3892.67,"2005-12-31":1518.13,"2013-12-31":3814.28,"2007-12-31":2307.94,"2011-12-31":3965.69}],["Total Assets",{"2009-12-31":10195.44,"2016-12-31":13645.28,"2014-12-31":12892.76,"2006-12-31":6012.86,"2008-12-31":8643.51,"2012-12-31":12134.19,"2010-12-31":11273.61,"2015-12-31":13024.31,"2005-12-31":4933.91,"2013-12-31":12331.87,"2007-12-31":7116.66,"2011-12-31":12163.8}]],"annual":[["Sales",{"2009-12-31":8027.2,"2016-12-31":11158.34,"2014-12-31":11738.21,"2006-12-31":5803.48,"2008-12-31":7282.87,"2012-12-31":11357.96,"2010-12-31":7717.33,"2015-12-31":11796.83,"2005-12-31":3220.7,"2013-12-31":11149.61,"2007-12-31":6990.68,"2011-12-31":9660.29}],["Expenses",{"2009-12-31":5546.84,"2016-12-31":9784.15,"2014-12-31":10230.95,"2006-12-31":4181.31,"2008-12-31":5549.7,"2012-12-31":9497.76,"2010-12-31":6163.35,"2015-12-31":10412.83,"2005-12-31":2698.29,"2013-12-31":9520.82,"2007-12-31":5072.05,"2011-12-31":7739.57}],["Operating Profit",{"2009-12-31":2480.36,"2016-12-31":1374.19,"2014-12-31":1507.26,"2006-12-31":1622.17,"2008-12-31":1733.17,"2012-12-31":1860.2,"2010-12-31":1553.98,"2015-12-31":1384.0,"2005-12-31":522.41,"2013-12-31":1628.79,"2007-12-31":1918.63,"2011-12-31":1920.72}],["OPM",{"2009-12-31":30.9,"2016-12-31":12.32,"2014-12-31":12.84,"2006-12-31":27.95,"2008-12-31":23.8,"2012-12-31":16.38,"2010-12-31":20.14,"2015-12-31":11.73,"2005-12-31":16.22,"2013-12-31":14.61,"2007-12-31":27.45,"2011-12-31":19.88}],["Other Income",{"2009-12-31":240.42,"2016-12-31":112.71,"2014-12-31":268.28,"2006-12-31":326.77,"2008-12-31":337.57,"2012-12-31":264.82,"2010-12-31":356.93,"2015-12-31":119.35,"2005-12-31":392.27,"2013-12-31":285.67,"2007-12-31":390.6,"2011-12-31":191.91}],["Interest",{"2009-12-31":84.3,"2016-12-31":72.87,"2014-12-31":82.76,"2006-12-31":75.19,"2008-12-31":39.96,"2012-12-31":114.65,"2010-12-31":56.78,"2015-12-31":67.32,"2005-12-31":66.19,"2013-12-31":113.55,"2007-12-31":73.87,"2011-12-31":96.91}],["Depreciation",{"2009-12-31":342.09,"2016-12-31":605.16,"2014-12-31":557.58,"2006-12-31":254.25,"2008-12-31":294.18,"2012-12-31":558.88,"2010-12-31":392.68,"2015-12-31":652.06,"2005-12-31":164.37,"2013-12-31":573.95,"2007-12-31":305.07,"2011-12-31":475.3}],["Profit before tax",{"2009-12-31":2294.39,"2016-12-31":808.87,"2014-12-31":1135.2,"2006-12-31":1619.5,"2008-12-31":1736.6,"2012-12-31":1451.49,"2010-12-31":1461.45,"2015-12-31":783.97,"2005-12-31":684.12,"2013-12-31":1226.96,"2007-12-31":1930.29,"2011-12-31":1540.42}],["Tax",{"2009-12-31":687.66,"2016-12-31":206.47,"2014-12-31":-33.09,"2006-12-31":387.66,"2008-12-31":523.81,"2012-12-31":390.3,"2010-12-31":341.44,"2015-12-31":192.4,"2005-12-31":139.94,"2013-12-31":131.2,"2007-12-31":491.7,"2011-12-31":215.16}],["Net Profit",{"2009-12-31":1606.73,"2016-12-31":602.4,"2014-12-31":1168.29,"2006-12-31":1231.84,"2008-12-31":1212.79,"2012-12-31":1061.19,"2010-12-31":1120.01,"2015-12-31":591.57,"2005-12-31":544.18,"2013-12-31":1095.76,"2007-12-31":1438.59,"2011-12-31":1325.26}],["EPS (unadj)",{"2009-12-31":81.59,"2016-12-31":28.59,"2014-12-31":55.82,"2006-12-31":63.6,"2008-12-31":61.16,"2012-12-31":51.6,"2010-12-31":54.53,"2015-12-31":28.02,"2005-12-31":37.79,"2013-12-31":53.21,"2007-12-31":73.2,"2011-12-31":65.97}],["Dividend Payout",{"2009-12-31":27.02,"2016-12-31":53.28,"2014-12-31":54.94,"2006-12-31":22.93,"2008-12-31":31.12,"2012-12-31":53.37,"2010-12-31":51.41,"2015-12-31":54.25,"2005-12-31":27.28,"2013-12-31":51.69,"2007-12-31":26.23,"2011-12-31":39.89}]],"cashflow":[["Cash from Operating Activity",{"2009-12-31":2397.08,"2016-12-31":1380.12,"2014-12-31":1331.7,"2006-12-31":1421.68,"2008-12-31":1708.33,"2012-12-31":1577.0,"2010-12-31":1935.38,"2015-12-31":1461.24,"2005-12-31":643.84,"2013-12-31":1056.23,"2007-12-31":2022.77,"2011-12-31":1571.31}],["Cash from Investing Activity",{"2009-12-31":-2634.41,"2016-12-31":-539.1,"2014-12-31":-1436.69,"2006-12-31":-480.88,"2008-12-31":-1170.44,"2012-12-31":-306.25,"2010-12-31":-812.25,"2015-12-31":-948.17,"2005-12-31":-179.33,"2013-12-31":-857.74,"2007-12-31":-824.3,"2011-12-31":-258.24}],["Cash from Financing Activity",{"2009-12-31":-454.58,"2016-12-31":-421.17,"2014-12-31":-837.09,"2006-12-31":-423.42,"2008-12-31":-297.13,"2012-12-31":-1066.02,"2010-12-31":-621.39,"2015-12-31":-681.02,"2005-12-31":-419.04,"2013-12-31":-834.47,"2007-12-31":-1075.16,"2011-12-31":-768.32}],["Net Cash Flow",{"2009-12-31":-691.91,"2016-12-31":419.85,"2014-12-31":-942.08,"2006-12-31":517.38,"2008-12-31":240.76,"2012-12-31":204.73,"2010-12-31":501.74,"2015-12-31":-167.95,"2005-12-31":45.47,"2013-12-31":-635.98,"2007-12-31":123.31,"2011-12-31":544.75}]],"quarters":[["Sales",{"2016-06-30":2879.97,"2016-12-31":2697.3,"2017-03-31":3174.01,"2017-06-30":3452.88,"2015-06-30":3015.25,"2015-03-31":3080.13,"2017-09-30":3116.49,"2015-12-31":2911.63,"2016-03-31":2935.93,"2017-12-31":3494.08,"2016-09-30":2476.38,"2015-09-30":2789.82}],["Expenses",{"2016-06-30":2418.99,"2016-12-31":2454.37,"2017-03-31":2757.87,"2017-06-30":2817.45,"2015-06-30":2681.72,"2015-03-31":2624.96,"2017-09-30":2701.48,"2015-12-31":2629.95,"2016-03-31":2495.31,"2017-12-31":3051.53,"2016-09-30":2194.74,"2015-09-30":2476.2}],["Operating Profit",{"2016-06-30":460.98,"2016-12-31":242.93,"2017-03-31":416.14,"2017-06-30":635.43,"2015-06-30":333.53,"2015-03-31":455.17,"2017-09-30":415.01,"2015-12-31":281.68,"2016-03-31":440.62,"2017-12-31":442.55,"2016-09-30":281.64,"2015-09-30":313.62}],["OPM",{"2016-06-30":16.01,"2016-12-31":9.01,"2017-03-31":13.11,"2017-06-30":18.4,"2015-06-30":11.06,"2015-03-31":14.78,"2017-09-30":13.32,"2015-12-31":9.67,"2016-03-31":15.01,"2017-12-31":12.67,"2016-09-30":11.37,"2015-09-30":11.24}],["Other Income",{"2016-06-30":25.63,"2016-12-31":30.72,"2017-03-31":35.72,"2017-06-30":25.96,"2015-06-30":23.45,"2015-03-31":59.09,"2017-09-30":23.77,"2015-12-31":18.86,"2016-03-31":49.88,"2017-12-31":46.2,"2016-09-30":26.86,"2015-09-30":17.95}],["Depreciation",{"2016-06-30":141.0,"2016-12-31":167.85,"2017-03-31":165.02,"2017-06-30":162.11,"2015-06-30":165.66,"2015-03-31":169.83,"2017-09-30":155.13,"2015-12-31":155.87,"2016-03-31":143.37,"2017-12-31":157.86,"2016-09-30":152.94,"2015-09-30":160.7}],["Interest",{"2016-06-30":20.77,"2016-12-31":20.92,"2017-03-31":25.17,"2017-06-30":22.5,"2015-06-30":14.27,"2015-03-31":22.63,"2017-09-30":21.25,"2015-12-31":15.43,"2016-03-31":18.8,"2017-12-31":33.38,"2016-09-30":22.14,"2015-09-30":14.99}],["Profit before tax",{"2016-06-30":324.84,"2016-12-31":84.88,"2017-03-31":261.67,"2017-06-30":476.78,"2015-06-30":177.05,"2015-03-31":321.8,"2017-09-30":262.4,"2015-12-31":129.24,"2016-03-31":328.33,"2017-12-31":297.51,"2016-09-30":133.42,"2015-09-30":155.88}],["Tax",{"2016-06-30":82.42,"2016-12-31":4.39,"2017-03-31":50.17,"2017-06-30":155.03,"2015-06-30":45.64,"2015-03-31":81.25,"2017-09-30":84.71,"2015-12-31":26.66,"2016-03-31":93.71,"2017-12-31":93.0,"2016-09-30":43.9,"2015-09-30":38.85}],["Net Profit",{"2016-06-30":242.42,"2016-12-31":80.49,"2017-03-31":211.5,"2017-06-30":321.75,"2015-06-30":131.41,"2015-03-31":240.55,"2017-09-30":177.69,"2015-12-31":102.58,"2016-03-31":234.62,"2017-12-31":204.51,"2016-09-30":89.52,"2015-09-30":117.03}]]},"bse_code":"500410","short_name":"ACC","nse_code":"ACC","companyrating_set":[{"rating__rating":"CRISIL A1+","instrument":"Bank Guarantee limit","rating__source":"crisil","link":"http://www.crisil.com/ratings/company-wise-ratings.jsp?txtSearch=ACC Ltd"},{"rating__rating":"CRISIL A1+","instrument":"Letter of Credit and Bank Guarantee","rating__source":"crisil","link":"http://www.crisil.com/ratings/company-wise-ratings.jsp?txtSearch=ACC Ltd"},{"rating__rating":"CRISIL A1+","instrument":"Letter of Credit Limit","rating__source":"crisil","link":"http://www.crisil.com/ratings/company-wise-ratings.jsp?txtSearch=ACC Ltd"},{"rating__rating":"CRISIL AAA(Stable)","instrument":"Non Convertible Debenture","rating__source":"crisil","link":"http://www.crisil.com/ratings/company-wise-ratings.jsp?txtSearch=ACC Ltd"},{"rating__rating":"CRISIL AAA(Stable)","instrument":"Over Draft","rating__source":"crisil","link":"http://www.crisil.com/ratings/company-wise-ratings.jsp?txtSearch=ACC Ltd"}],"annualreport_set":[{"source":"bse","report_date":2016,"link":"http://www.bseindia.com/bseplus/AnnualReport/500410/5004101216.pdf"},{"source":"bse","report_date":2015,"link":"http://www.bseindia.com/bseplus/AnnualReport/500410/5004101215.pdf"},{"source":"bse","report_date":2014,"link":"http://www.bseindia.com/bseplus/AnnualReport/500410/5004101214.pdf"},{"source":"nse","report_date":2013,"link":"http://nseindia.com/annual_reports/AR_3202_ACC_2013_2013_14032014104210.zip"},{"source":"bse","report_date":2012,"link":"http://www.bseindia.com/bseplus/annualreport/500410/5004101212.pdf"},{"source":"bse","report_date":2011,"link":"http://www.bseindia.com/bseplus/annualreport/500410/5004101211.pdf"},{"source":"nse","report_date":2011,"link":"http://nseindia.com/annual_reports/AR_ACC_2011_2011_29022012102520.zip"},{"source":"bse","report_date":2010,"link":"http://www.bseindia.com/bseplus/annualreport/500410/5004101210.pdf"},{"source":"nse","report_date":2010,"link":"http://nseindia.com/annual_reports/AR_ACC_2009_2010_22032011055555.zip"},{"source":"nse","report_date":2009,"link":"http://nseindia.com/annual_reports/AR_ACC_2009_2009_18082010201010.zip"}],"announcement_set":[{"ann_date":"03 Apr 2018","announcement":"Details Of Lost/Stolen/Fake/Duplicate Shares Of Face Value Rs.10/- Each","link":"https://www.bseindia.com/corporates/anndet_new.aspx?newsid=15ab18e7-7198-442e-ba3f-383285242ef4"},{"ann_date":"02 Apr 2018","announcement":"Announcement under Regulation 30 (LODR)-Analyst / Investor Meet - Intimation","link":"https://www.bseindia.com/corporates/anndet_new.aspx?newsid=dafa332f-b8b0-4991-943c-142811dd94ca"},{"ann_date":"02 Apr 2018","announcement":"Statement Of Investor Complaints For The Quarter Ended March 2018","link":"https://www.bseindia.com/corporates/anndet_new.aspx?newsid=e7f03d6d-0dea-4f44-b016-4ae605c9796a"},{"ann_date":"02 Apr 2018","announcement":"Compliance Certificate With Respect To Reg. 7(2&3) For The Half Year Ended 31.3.2018 For In House Share Department","link":"https://www.bseindia.com/corporates/anndet_new.aspx?newsid=7a16823a-befc-470c-87c7-459a44f33b28"},{"ann_date":"22 Mar 2018","announcement":"Announcement under Regulation 30 (LODR)-Analyst / Investor Meet - Intimation","link":"https://www.bseindia.com/corporates/anndet_new.aspx?newsid=1780bf47-498b-4621-92fc-0531cd3a1229"}],"warehouse_set":{"high_price":1869.95,"low_price":1453.15,"sales_growth":20.45,"current_price":1553.25,"dividend_yield":1.1,"face_value":10.0,"id":382,"sales_growth_3years":0.03,"profit_growth_5years":-14.23,"average_return_on_equity_3years":9.69,"book_value":509.99,"status":"Active","pair_url":"/company/ACC/consolidated","sales_growth_10years":5.33,"average_return_on_equity_10years":16.64,"profit_growth":41.48,"market_capitalization":29168.06,"profit_growth_10years":-8.03,"price_to_earning":31.86,"industry":"Cement & Cement Products","analysis":{"remarks":[],"bad":["The company has delivered a poor growth of 2.93% over past five years.","Company has a low return on equity of 9.69% for last 3 years."],"good":["Company is virtually debt free.","Company has been maintaining a healthy dividend payout of 54.35%"]},"result_type":"sa","profit_growth_3years":-17.26,"sales_growth_5years":2.93,"return_on_equity":7.05,"average_return_on_equity_5years":11.84},"id":39,"name":"ACC Ltd"}
