{"prime":"con","number_set":{"balancesheet":[["Share Capital",{"2008-03-31":24.65,"2016-03-31":109.98,"2014-03-31":109.98,"2011-03-31":109.98,"2015-03-31":109.98,"2013-03-31":109.98,"2006-03-31":22.62,"2012-03-31":109.98,"2017-03-31":109.98,"2010-03-31":49.8,"2009-03-31":24.66,"2007-03-31":24.65}],["Reserves",{"2008-03-31":1313.01,"2016-03-31":3435.1,"2014-03-31":9924.29,"2011-03-31":9658.18,"2015-03-31":10168.08,"2013-03-31":10256.96,"2006-03-31":747.81,"2012-03-31":9892.08,"2017-03-31":3657.2,"2010-03-31":1920.3,"2009-03-31":1618.45,"2007-03-31":1019.53}],["Borrowings",{"2008-03-31":2955.49,"2016-03-31":6713.79,"2014-03-31":6953.17,"2011-03-31":796.81,"2015-03-31":6023.95,"2013-03-31":5269.87,"2006-03-31":1319.72,"2012-03-31":1562.77,"2017-03-31":7212.83,"2010-03-31":3471.31,"2009-03-31":3206.72,"2007-03-31":3024.55}],["Other Liabilities",{"2008-03-31":2295.63,"2016-03-31":4348.46,"2014-03-31":5678.16,"2011-03-31":1073.08,"2015-03-31":6440.03,"2013-03-31":4689.02,"2006-03-31":1949.07,"2012-03-31":2631.48,"2017-03-31":3891.9,"2010-03-31":2026.79,"2009-03-31":1850.65,"2007-03-31":1770.98}],["Total Liabilities",{"2008-03-31":6588.78,"2016-03-31":14607.33,"2014-03-31":22665.6,"2011-03-31":11638.05,"2015-03-31":22742.04,"2013-03-31":20325.83,"2006-03-31":4039.22,"2012-03-31":14196.31,"2017-03-31":14871.91,"2010-03-31":7468.2,"2009-03-31":6700.48,"2007-03-31":5839.71}],["Fixed Assets",{"2008-03-31":201.95,"2016-03-31":1078.97,"2014-03-31":923.97,"2011-03-31":238.14,"2015-03-31":897.67,"2013-03-31":916.99,"2006-03-31":67.23,"2012-03-31":915.7,"2017-03-31":1162.01,"2010-03-31":160.64,"2009-03-31":210.08,"2007-03-31":204.72}],["CWIP",{"2008-03-31":17.15,"2016-03-31":851.15,"2014-03-31":254.86,"2011-03-31":122.82,"2015-03-31":270.37,"2013-03-31":163.49,"2006-03-31":10.9,"2012-03-31":145.24,"2017-03-31":621.6,"2010-03-31":50.96,"2009-03-31":18.88,"2007-03-31":3.26}],["Investments",{"2008-03-31":1494.77,"2016-03-31":1110.28,"2014-03-31":6551.59,"2011-03-31":3472.77,"2015-03-31":6954.42,"2013-03-31":4066.69,"2006-03-31":192.93,"2012-03-31":3628.13,"2017-03-31":3100.57,"2010-03-31":2381.01,"2009-03-31":2217.69,"2007-03-31":600.82}],["Other Assets",{"2008-03-31":4874.91,"2016-03-31":11566.93,"2014-03-31":14935.18,"2011-03-31":7804.32,"2015-03-31":14619.58,"2013-03-31":15178.66,"2006-03-31":3768.16,"2012-03-31":9507.24,"2017-03-31":9987.73,"2010-03-31":4875.59,"2009-03-31":4253.83,"2007-03-31":5030.91}],["Total Assets",{"2008-03-31":6588.78,"2016-03-31":14607.33,"2014-03-31":22665.6,"2011-03-31":11638.05,"2015-03-31":22742.04,"2013-03-31":20325.83,"2006-03-31":4039.22,"2012-03-31":14196.31,"2017-03-31":14871.91,"2010-03-31":7468.2,"2009-03-31":6700.48,"2007-03-31":5839.71}]],"annual":[["Sales",{"2008-03-31":11595.44,"2016-03-31":8148.86,"2014-03-31":11789.31,"2011-03-31":2926.85,"2015-03-31":14915.85,"2013-03-31":11890.88,"2006-03-31":9337.88,"2012-03-31":5282.2,"2017-03-31":8595.01,"2010-03-31":11584.78,"2009-03-31":11575.05,"2007-03-31":10151.66}],["Expenses",{"2008-03-31":11349.77,"2016-03-31":7859.29,"2014-03-31":12535.78,"2011-03-31":3108.37,"2015-03-31":14966.14,"2013-03-31":11837.02,"2006-03-31":9073.31,"2012-03-31":5161.84,"2017-03-31":8025.66,"2010-03-31":11188.04,"2009-03-31":11291.46,"2007-03-31":9902.92}],["Operating Profit",{"2008-03-31":245.67,"2016-03-31":289.57,"2014-03-31":-746.47,"2011-03-31":-181.52,"2015-03-31":-50.29,"2013-03-31":53.86,"2006-03-31":264.57,"2012-03-31":120.36,"2017-03-31":569.35,"2010-03-31":396.74,"2009-03-31":283.59,"2007-03-31":248.74}],["OPM",{"2008-03-31":2.12,"2016-03-31":3.55,"2014-03-31":-6.33,"2011-03-31":-6.2,"2015-03-31":-0.34,"2013-03-31":0.45,"2006-03-31":2.83,"2012-03-31":2.28,"2017-03-31":6.62,"2010-03-31":3.42,"2009-03-31":2.45,"2007-03-31":2.45}],["Other Income",{"2008-03-31":521.82,"2016-03-31":1022.89,"2014-03-31":1204.15,"2011-03-31":533.26,"2015-03-31":1492.65,"2013-03-31":916.94,"2006-03-31":323.68,"2012-03-31":461.65,"2017-03-31":687.17,"2010-03-31":353.86,"2009-03-31":553.21,"2007-03-31":336.85}],["Interest",{"2008-03-31":403.73,"2016-03-31":717.14,"2014-03-31":760.93,"2011-03-31":74.62,"2015-03-31":928.68,"2013-03-31":302.1,"2006-03-31":428.63,"2012-03-31":165.03,"2017-03-31":791.71,"2010-03-31":450.15,"2009-03-31":450.11,"2007-03-31":380.38}],["Depreciation",{"2008-03-31":11.25,"2016-03-31":79.36,"2014-03-31":59.07,"2011-03-31":13.27,"2015-03-31":81.73,"2013-03-31":57.55,"2006-03-31":3.21,"2012-03-31":29.9,"2017-03-31":78.86,"2010-03-31":12.76,"2009-03-31":12.08,"2007-03-31":6.9}],["Profit before tax",{"2008-03-31":352.51,"2016-03-31":515.96,"2014-03-31":-362.32,"2011-03-31":263.85,"2015-03-31":431.95,"2013-03-31":611.15,"2006-03-31":156.41,"2012-03-31":387.08,"2017-03-31":385.95,"2010-03-31":287.69,"2009-03-31":374.61,"2007-03-31":198.31}],["Tax",{"2008-03-31":40.44,"2016-03-31":-4.15,"2014-03-31":-183.62,"2011-03-31":-5.26,"2015-03-31":25.1,"2013-03-31":91.31,"2006-03-31":38.07,"2012-03-31":25.36,"2017-03-31":164.31,"2010-03-31":33.28,"2009-03-31":48.18,"2007-03-31":47.62}],["Net Profit",{"2008-03-31":312.07,"2016-03-31":520.11,"2014-03-31":-178.7,"2011-03-31":269.11,"2015-03-31":406.85,"2013-03-31":519.84,"2006-03-31":118.34,"2012-03-31":361.72,"2017-03-31":221.64,"2010-03-31":254.41,"2009-03-31":326.43,"2007-03-31":150.69}],["EPS (unadj)",{"2008-03-31":12.56,"2016-03-31":4.73,"2014-03-31":0.0,"2011-03-31":2.26,"2015-03-31":3.65,"2013-03-31":4.65,"2006-03-31":5.17,"2012-03-31":3.13,"2017-03-31":2.02,"2010-03-31":4.94,"2009-03-31":13.07,"2007-03-31":6.05}],["Dividend Payout",{"2008-03-31":4.74,"2016-03-31":8.46,"2014-03-31":-86.16,"2011-03-31":40.87,"2015-03-31":37.85,"2013-03-31":29.62,"2006-03-31":8.6,"2012-03-31":30.41,"2017-03-31":19.85,"2010-03-31":19.58,"2009-03-31":7.55,"2007-03-31":7.36}]],"cashflow":[["Cash from Operating Activity",{"2008-03-31":710.9,"2016-03-31":-704.22,"2014-03-31":588.0,"2011-03-31":-413.95,"2015-03-31":219.8,"2013-03-31":-136.8,"2006-03-31":-225.15,"2012-03-31":-258.41,"2017-03-31":-145.7,"2010-03-31":663.0,"2009-03-31":1097.1,"2007-03-31":-340.13}],["Cash from Investing Activity",{"2008-03-31":-646.92,"2016-03-31":1130.11,"2014-03-31":-1051.42,"2011-03-31":-3705.7,"2015-03-31":1863.2,"2013-03-31":-2967.31,"2006-03-31":150.72,"2012-03-31":-724.56,"2017-03-31":637.9,"2010-03-31":-972.44,"2009-03-31":-185.25,"2007-03-31":-361.15}],["Cash from Financing Activity",{"2008-03-31":-330.63,"2016-03-31":-530.44,"2014-03-31":392.25,"2011-03-31":3310.46,"2015-03-31":-2049.73,"2013-03-31":3226.58,"2006-03-31":201.9,"2012-03-31":983.98,"2017-03-31":-310.91,"2010-03-31":211.99,"2009-03-31":-457.87,"2007-03-31":1452.31}],["Net Cash Flow",{"2008-03-31":-266.65,"2016-03-31":-104.55,"2014-03-31":-71.17,"2011-03-31":-809.19,"2015-03-31":33.27,"2013-03-31":122.47,"2006-03-31":127.47,"2012-03-31":1.01,"2017-03-31":181.29,"2010-03-31":-97.45,"2009-03-31":453.98,"2007-03-31":751.03}]],"quarters":[["Sales",{"2016-06-30":2145.87,"2016-12-31":1866.89,"2017-03-31":2784.52,"2017-06-30":3023.85,"2015-06-30":2405.76,"2015-03-31":3312.75,"2017-09-30":2406.12,"2015-12-31":1750.81,"2016-03-31":2012.36,"2017-12-31":2890.56,"2016-09-30":1797.73,"2015-09-30":1979.94}],["Expenses",{"2016-06-30":1902.32,"2016-12-31":1773.82,"2017-03-31":2671.0,"2017-06-30":2927.34,"2015-06-30":2296.59,"2015-03-31":3457.79,"2017-09-30":2326.85,"2015-12-31":1623.53,"2016-03-31":2001.82,"2017-12-31":2660.99,"2016-09-30":1678.52,"2015-09-30":1937.37}],["Operating Profit",{"2016-06-30":243.55,"2016-12-31":93.07,"2017-03-31":113.52,"2017-06-30":96.51,"2015-06-30":109.17,"2015-03-31":-145.04,"2017-09-30":79.27,"2015-12-31":127.28,"2016-03-31":10.54,"2017-12-31":229.57,"2016-09-30":119.21,"2015-09-30":42.57}],["OPM",{"2016-06-30":11.35,"2016-12-31":4.99,"2017-03-31":4.08,"2017-06-30":3.19,"2015-06-30":4.54,"2015-03-31":-4.38,"2017-09-30":3.29,"2015-12-31":7.27,"2016-03-31":0.52,"2017-12-31":7.94,"2016-09-30":6.63,"2015-09-30":2.15}],["Other Income",{"2016-06-30":225.68,"2016-12-31":152.19,"2017-03-31":100.14,"2017-06-30":121.8,"2015-06-30":172.21,"2015-03-31":480.48,"2017-09-30":117.16,"2015-12-31":227.07,"2016-03-31":252.23,"2017-12-31":118.34,"2016-09-30":209.16,"2015-09-30":371.38}],["Depreciation",{"2016-06-30":18.96,"2016-12-31":19.76,"2017-03-31":20.91,"2017-06-30":20.58,"2015-06-30":20.34,"2015-03-31":20.65,"2017-09-30":20.83,"2015-12-31":18.46,"2016-03-31":20.12,"2017-12-31":22.65,"2016-09-30":19.23,"2015-09-30":20.44}],["Interest",{"2016-06-30":209.64,"2016-12-31":194.33,"2017-03-31":184.32,"2017-06-30":166.27,"2015-06-30":186.65,"2015-03-31":231.91,"2017-09-30":192.0,"2015-12-31":171.8,"2016-03-31":173.82,"2017-12-31":154.84,"2016-09-30":203.42,"2015-09-30":184.87}],["Profit before tax",{"2016-06-30":240.63,"2016-12-31":31.17,"2017-03-31":8.43,"2017-06-30":31.46,"2015-06-30":74.39,"2015-03-31":82.88,"2017-09-30":-16.4,"2015-12-31":164.09,"2016-03-31":68.83,"2017-12-31":170.42,"2016-09-30":105.72,"2015-09-30":208.64}],["Tax",{"2016-06-30":43.72,"2016-12-31":56.31,"2017-03-31":39.25,"2017-06-30":8.49,"2015-06-30":-2.53,"2015-03-31":10.08,"2017-09-30":0.0,"2015-12-31":8.2,"2016-03-31":-1.67,"2017-12-31":41.11,"2016-09-30":25.03,"2015-09-30":-8.15}],["Net Profit",{"2016-06-30":196.91,"2016-12-31":-25.14,"2017-03-31":-30.82,"2017-06-30":22.97,"2015-06-30":76.92,"2015-03-31":72.8,"2017-09-30":-16.4,"2015-12-31":155.89,"2016-03-31":70.5,"2017-12-31":129.31,"2016-09-30":80.69,"2015-09-30":216.79}]]},"bse_code":"512599","short_name":"Adani Enterp.","nse_code":"ADANIENT","companyrating_set":[{"rating__rating":"CARE A  @","instrument":"Bank FacilitiesFund Based - LT","rating__source":"care","link":"http://google.com/search?btnI=1&q=Adani Enterprises Ltd+site:careratings.com"},{"rating__rating":"CARE A / CARE A1  @","instrument":"Bank FacilitiesNon-Fund Based - LT/ ST","rating__source":"care","link":"http://google.com/search?btnI=1&q=Adani Enterprises Ltd+site:careratings.com"},{"rating__rating":"CARE A1  @","instrument":"Bank FacilitiesNon-Fund Based - ST","rating__source":"care","link":"http://google.com/search?btnI=1&q=Adani Enterprises Ltd+site:careratings.com"},{"rating__rating":"CARE A+ (SO)","instrument":"LT InstrumentsDebentures","rating__source":"care","link":"http://google.com/search?btnI=1&q=Adani Enterprises Ltd+site:careratings.com"},{"rating__rating":"BWR A1 +","instrument":"Proposed Commercial Paper  750 Crore (Enhanced from Rs. 500 Cr)","rating__source":"brickworks","link":"http://google.com/search?btnI=1&q=Adani Enterprises Ltd+site:brickworkratings.com"}],"annualreport_set":[{"source":"bse","report_date":2017,"link":"http://www.bseindia.com/bseplus/AnnualReport/512599/5125990317.pdf"},{"source":"bse","report_date":2016,"link":"http://www.bseindia.com/bseplus/AnnualReport/512599/5125990316.pdf"},{"source":"bse","report_date":2015,"link":"http://www.bseindia.com/bseplus/AnnualReport/512599/5125990315.pdf"},{"source":"bse","report_date":2014,"link":"http://www.bseindia.com/bseplus/AnnualReport/512599/5125990314.pdf"},{"source":"bse","report_date":2013,"link":"http://www.bseindia.com/bseplus/annualreport/512599/5125990313.pdf"},{"source":"bse","report_date":2012,"link":"http://www.bseindia.com/bseplus/annualreport/512599/5125990312.PDF"},{"source":"bse","report_date":2011,"link":"http://www.bseindia.com/bseplus/annualreport/512599/5125990311.pdf"},{"source":"nse","report_date":2011,"link":"http://nseindia.com/annual_reports/AR_ADANIENT_2010_2011_21072011102526.zip"},{"source":"bse","report_date":2010,"link":"http://www.bseindia.com/bseplus/annualreport/512599/5125990310.pdf"},{"source":"nse","report_date":2010,"link":"http://nseindia.com/annual_reports/AR_ADANIENT_2009_2010_25082010120000.zip"}],"announcement_set":[{"ann_date":"04 Apr 2018","announcement":"Announcement under Regulation 30 (LODR)-Award_of_Order_Receipt_of_Order","link":"https://www.bseindia.com/corporates/anndet_new.aspx?newsid=c65c5e60-88b8-4438-a549-5a514b9050b9"},{"ann_date":"30 Mar 2018","announcement":"Intimation For Sale Of The Company'S Entire Stake In Adani Energy Limited, A Wholly Owned Subsidiary Company.","link":"https://www.bseindia.com/corporates/anndet_new.aspx?newsid=e8cede48-56e5-4357-a28a-d470509ec965"},{"ann_date":"26 Mar 2018","announcement":"Intimation Under Regulation 30 Of The SEBI (LODR) - Talabira (Odisha) Mining Private Limited A Subsidiary Of The Company Has Signed Coal Mining Agreement (CMA)","link":"https://www.bseindia.com/corporates/anndet_new.aspx?newsid=1d5d5ef0-5419-4125-87a1-34bb3107eee9"},{"ann_date":"24 Mar 2018","announcement":"Announcement under Regulation 30 (LODR)-Newspaper Publication","link":"https://www.bseindia.com/corporates/anndet_new.aspx?newsid=a3834aae-2b72-458a-a7b1-ff613e65adc2"},{"ann_date":"23 Mar 2018","announcement":"Fixation Of Record Date For The Purpose Of Issuance Of Equity Shares Pursuant To The Scheme Of Arrangement Among Adani Enterprises Limited ('AEL') And Adani Green Energy Limited ('AGEL') And Their Respective Shareholders And Creditors ('The Scheme').","link":"https://www.bseindia.com/corporates/anndet_new.aspx?newsid=3dfb54b3-ccb5-4f84-a0c9-1fb31ba515d6"}],"warehouse_set":{"high_price":223.5,"low_price":104.8,"sales_growth":41.96,"current_price":149.75,"dividend_yield":0.27,"face_value":1.0,"id":3370,"sales_growth_3years":-9.99,"profit_growth_5years":-9.06,"average_return_on_equity_3years":4.63,"book_value":35.49,"status":"Active","pair_url":"/company/ADANIENT/consolidated","sales_growth_10years":-3.27,"average_return_on_equity_10years":4.36,"profit_growth":-67.47,"market_capitalization":16469.51,"profit_growth_10years":-1.99,"price_to_earning":156.76,"industry":"Comm.Trading  & Distribution","analysis":{"remarks":[],"bad":["Stock is trading at 4.22 times its book value","Company has low interest coverage ratio.","The company has delivered a poor growth of 10.23% over past five years.","Company has a low return on equity of 4.63% for last 3 years.","Contingent liabilities of Rs.6392.46 Cr.","Earnings include an other income of Rs.457.44 Cr."],"good":["Company is expected to give good quarter","Company has been maintaining a healthy dividend payout of 21.07%"]},"result_type":"sa","sales_growth_5years":10.23,"return_on_equity":5.98,"average_return_on_equity_5years":2.64},"id":56,"name":"Adani Enterprises Ltd"}
