{"prime":"con","number_set":{"balancesheet":[["Share Capital",{"2008-03-31":403.49,"2016-03-31":414.19,"2014-03-31":416.82,"2011-03-31":403.49,"2015-03-31":416.82,"2013-03-31":403.49,"2006-03-31":183.03,"2012-03-31":403.49,"2017-03-31":414.19,"2010-03-31":403.49,"2009-03-31":403.49,"2007-03-31":363.24}],["Reserves",{"2008-03-31":2209.02,"2016-03-31":12985.74,"2014-03-31":8919.07,"2011-03-31":3890.58,"2015-03-31":10786.34,"2013-03-31":6300.48,"2006-03-31":415.54,"2012-03-31":4817.95,"2017-03-31":16284.78,"2010-03-31":3084.76,"2009-03-31":2541.78,"2007-03-31":383.11}],["Borrowings",{"2008-03-31":1906.75,"2016-03-31":15507.99,"2014-03-31":8956.86,"2011-03-31":2709.84,"2015-03-31":11764.9,"2013-03-31":8364.77,"2006-03-31":961.82,"2012-03-31":6172.69,"2017-03-31":19543.67,"2010-03-31":3217.8,"2009-03-31":2313.0,"2007-03-31":1282.25}],["Other Liabilities",{"2008-03-31":1196.3,"2016-03-31":3079.28,"2014-03-31":2614.44,"2011-03-31":1508.08,"2015-03-31":2841.85,"2013-03-31":3189.36,"2006-03-31":764.67,"2012-03-31":1785.24,"2017-03-31":3925.59,"2010-03-31":1335.94,"2009-03-31":1239.17,"2007-03-31":1016.75}],["Total Liabilities",{"2008-03-31":5712.75,"2016-03-31":31987.2,"2014-03-31":20904.38,"2011-03-31":8509.18,"2015-03-31":25807.1,"2013-03-31":18255.29,"2006-03-31":2322.25,"2012-03-31":13176.56,"2017-03-31":40168.23,"2010-03-31":8039.18,"2009-03-31":6494.63,"2007-03-31":3042.54}],["Fixed Assets",{"2008-03-31":2841.83,"2016-03-31":8523.57,"2014-03-31":8537.24,"2011-03-31":5305.64,"2015-03-31":8461.92,"2013-03-31":8781.8,"2006-03-31":1484.95,"2012-03-31":5805.07,"2017-03-31":8389.59,"2010-03-31":4209.93,"2009-03-31":3251.42,"2007-03-31":1983.48}],["CWIP",{"2008-03-31":405.83,"2016-03-31":856.6,"2014-03-31":661.49,"2011-03-31":1076.78,"2015-03-31":663.19,"2013-03-31":1131.69,"2006-03-31":412.17,"2012-03-31":2446.97,"2017-03-31":1458.08,"2010-03-31":1394.61,"2009-03-31":1232.55,"2007-03-31":417.94}],["Investments",{"2008-03-31":1082.66,"2016-03-31":5312.87,"2014-03-31":1786.26,"2011-03-31":715.04,"2015-03-31":4965.15,"2013-03-31":1327.3,"2006-03-31":122.82,"2012-03-31":1837.55,"2017-03-31":10410.39,"2010-03-31":721.04,"2009-03-31":431.75,"2007-03-31":78.99}],["Other Assets",{"2008-03-31":1382.43,"2016-03-31":17294.16,"2014-03-31":9919.39,"2011-03-31":1411.72,"2015-03-31":11716.84,"2013-03-31":7014.5,"2006-03-31":302.31,"2012-03-31":3086.97,"2017-03-31":19910.17,"2010-03-31":1713.6,"2009-03-31":1578.91,"2007-03-31":562.13}],["Total Assets",{"2008-03-31":5712.75,"2016-03-31":31987.2,"2014-03-31":20904.38,"2011-03-31":8509.18,"2015-03-31":25807.1,"2013-03-31":18255.29,"2006-03-31":2322.25,"2012-03-31":13176.56,"2017-03-31":40168.23,"2010-03-31":8039.18,"2009-03-31":6494.63,"2007-03-31":3042.54}]],"annual":[["Sales",{"2008-03-31":818.21,"2016-03-31":4619.17,"2014-03-31":4350.26,"2011-03-31":1885.07,"2015-03-31":3909.36,"2013-03-31":3361.05,"2006-03-31":384.54,"2012-03-31":2481.9,"2017-03-31":4878.86,"2010-03-31":1392.52,"2009-03-31":1135.12,"2007-03-31":581.44}],["Expenses",{"2008-03-31":284.1,"2016-03-31":1311.9,"2014-03-31":1612.47,"2011-03-31":575.08,"2015-03-31":1301.94,"2013-03-31":890.82,"2006-03-31":166.75,"2012-03-31":770.31,"2017-03-31":1131.48,"2010-03-31":453.54,"2009-03-31":395.22,"2007-03-31":268.44}],["Operating Profit",{"2008-03-31":534.11,"2016-03-31":3307.27,"2014-03-31":2737.79,"2011-03-31":1309.99,"2015-03-31":2607.42,"2013-03-31":2470.23,"2006-03-31":217.79,"2012-03-31":1711.59,"2017-03-31":3747.38,"2010-03-31":938.98,"2009-03-31":739.9,"2007-03-31":313.0}],["OPM",{"2008-03-31":65.28,"2016-03-31":71.6,"2014-03-31":62.93,"2011-03-31":69.49,"2015-03-31":66.7,"2013-03-31":73.5,"2006-03-31":56.64,"2012-03-31":68.96,"2017-03-31":76.81,"2010-03-31":67.43,"2009-03-31":65.18,"2007-03-31":53.83}],["Other Income",{"2008-03-31":68.13,"2016-03-31":1172.77,"2014-03-31":682.03,"2011-03-31":120.23,"2015-03-31":738.16,"2013-03-31":203.24,"2006-03-31":17.13,"2012-03-31":40.25,"2017-03-31":1284.67,"2010-03-31":171.81,"2009-03-31":145.6,"2007-03-31":15.54}],["Interest",{"2008-03-31":134.78,"2016-03-31":854.45,"2014-03-31":753.86,"2011-03-31":145.48,"2015-03-31":708.79,"2013-03-31":441.9,"2006-03-31":57.34,"2012-03-31":208.75,"2017-03-31":1198.4,"2010-03-31":182.2,"2009-03-31":234.23,"2007-03-31":72.86}],["Depreciation",{"2008-03-31":100.64,"2016-03-31":519.32,"2014-03-31":455.71,"2011-03-31":207.86,"2015-03-31":488.62,"2013-03-31":342.38,"2006-03-31":61.42,"2012-03-31":273.5,"2017-03-31":540.71,"2010-03-31":168.14,"2009-03-31":137.24,"2007-03-31":80.7}],["Profit before tax",{"2008-03-31":366.82,"2016-03-31":3106.27,"2014-03-31":2210.25,"2011-03-31":1076.88,"2015-03-31":2148.17,"2013-03-31":1889.19,"2006-03-31":116.16,"2012-03-31":1269.59,"2017-03-31":3292.94,"2010-03-31":760.45,"2009-03-31":514.03,"2007-03-31":174.98}],["Tax",{"2008-03-31":153.41,"2016-03-31":141.77,"2014-03-31":194.08,"2011-03-31":90.72,"2015-03-31":-34.97,"2013-03-31":135.01,"2006-03-31":48.92,"2012-03-31":92.33,"2017-03-31":192.33,"2010-03-31":59.48,"2009-03-31":52.94,"2007-03-31":-12.46}],["Net Profit",{"2008-03-31":213.41,"2016-03-31":2964.5,"2014-03-31":2016.17,"2011-03-31":986.16,"2015-03-31":2183.14,"2013-03-31":1754.18,"2006-03-31":67.24,"2012-03-31":1177.26,"2017-03-31":3100.61,"2010-03-31":700.97,"2009-03-31":461.09,"2007-03-31":187.44}],["EPS (unadj)",{"2008-03-31":5.33,"2016-03-31":14.31,"2014-03-31":9.56,"2011-03-31":4.92,"2015-03-31":10.32,"2013-03-31":8.59,"2006-03-31":3.45,"2012-03-31":5.71,"2017-03-31":14.97,"2010-03-31":17.49,"2009-03-31":11.51,"2007-03-31":5.2}],["Dividend Payout",{"2008-03-31":28.16,"2016-03-31":7.68,"2014-03-31":10.27,"2011-03-31":18.28,"2015-03-31":10.43,"2013-03-31":11.42,"2006-03-31":53.6,"2012-03-31":17.02,"2017-03-31":8.68,"2010-03-31":22.86,"2009-03-31":26.07,"2007-03-31":19.23}]],"cashflow":[["Cash from Operating Activity",{"2008-03-31":519.15,"2016-03-31":1712.96,"2014-03-31":1601.61,"2011-03-31":1259.16,"2015-03-31":1990.31,"2013-03-31":1369.84,"2006-03-31":266.51,"2012-03-31":1287.44,"2017-03-31":2312.51,"2010-03-31":1035.04,"2009-03-31":761.98,"2007-03-31":436.71}],["Cash from Investing Activity",{"2008-03-31":-1121.94,"2016-03-31":-2953.73,"2014-03-31":-2313.63,"2011-03-31":-483.67,"2015-03-31":-3556.48,"2013-03-31":-2445.86,"2006-03-31":-480.68,"2012-03-31":-3819.17,"2017-03-31":-4180.26,"2010-03-31":-1763.89,"2009-03-31":-521.25,"2007-03-31":-645.43}],["Cash from Financing Activity",{"2008-03-31":2204.52,"2016-03-31":1497.63,"2014-03-31":249.88,"2011-03-31":-914.42,"2015-03-31":1916.83,"2013-03-31":1416.89,"2006-03-31":279.24,"2012-03-31":2680.58,"2017-03-31":1717.15,"2010-03-31":671.31,"2009-03-31":-54.2,"2007-03-31":169.98}],["Net Cash Flow",{"2008-03-31":1601.73,"2016-03-31":256.86,"2014-03-31":-462.14,"2011-03-31":-138.93,"2015-03-31":350.66,"2013-03-31":340.87,"2006-03-31":65.07,"2012-03-31":148.85,"2017-03-31":-150.6,"2010-03-31":-57.54,"2009-03-31":186.53,"2007-03-31":-38.74}]],"quarters":[["Sales",{"2016-06-30":1055.16,"2016-12-31":1297.38,"2017-03-31":1234.85,"2017-06-30":1645.45,"2015-06-30":1065.1,"2015-03-31":960.28,"2017-09-30":1526.74,"2015-12-31":1060.31,"2016-03-31":942.35,"2017-12-31":1417.28,"2016-09-30":1291.47,"2015-09-30":1559.67}],["Expenses",{"2016-06-30":333.92,"2016-12-31":398.66,"2017-03-31":148.82,"2017-06-30":664.92,"2015-06-30":312.84,"2015-03-31":319.06,"2017-09-30":366.46,"2015-12-31":322.86,"2016-03-31":325.19,"2017-12-31":453.96,"2016-09-30":250.08,"2015-09-30":351.01}],["Operating Profit",{"2016-06-30":721.24,"2016-12-31":898.72,"2017-03-31":1086.03,"2017-06-30":980.53,"2015-06-30":752.26,"2015-03-31":641.22,"2017-09-30":1160.28,"2015-12-31":737.45,"2016-03-31":617.16,"2017-12-31":963.32,"2016-09-30":1041.39,"2015-09-30":1208.66}],["OPM",{"2016-06-30":68.35,"2016-12-31":69.27,"2017-03-31":87.95,"2017-06-30":59.59,"2015-06-30":70.63,"2015-03-31":66.77,"2017-09-30":76.0,"2015-12-31":69.55,"2016-03-31":65.49,"2017-12-31":67.97,"2016-09-30":80.64,"2015-09-30":77.49}],["Other Income",{"2016-06-30":272.0,"2016-12-31":310.48,"2017-03-31":395.88,"2017-06-30":340.87,"2015-06-30":236.0,"2015-03-31":177.38,"2017-09-30":380.5,"2015-12-31":282.81,"2016-03-31":382.68,"2017-12-31":407.59,"2016-09-30":306.31,"2015-09-30":263.02}],["Depreciation",{"2016-06-30":135.34,"2016-12-31":135.86,"2017-03-31":136.2,"2017-06-30":119.25,"2015-06-30":124.88,"2015-03-31":120.1,"2017-09-30":120.84,"2015-12-31":143.56,"2016-03-31":118.85,"2017-12-31":113.88,"2016-09-30":133.31,"2015-09-30":132.03}],["Interest",{"2016-06-30":238.22,"2016-12-31":264.66,"2017-03-31":416.39,"2017-06-30":384.0,"2015-06-30":229.86,"2015-03-31":183.97,"2017-09-30":367.47,"2015-12-31":212.58,"2016-03-31":152.16,"2017-12-31":314.54,"2016-09-30":279.13,"2015-09-30":259.85}],["Profit before tax",{"2016-06-30":619.68,"2016-12-31":808.68,"2017-03-31":929.32,"2017-06-30":818.15,"2015-06-30":633.52,"2015-03-31":514.53,"2017-09-30":1052.47,"2015-12-31":664.12,"2016-03-31":728.83,"2017-12-31":942.49,"2016-09-30":935.26,"2015-09-30":1079.8}],["Tax",{"2016-06-30":16.84,"2016-12-31":65.07,"2017-03-31":91.83,"2017-06-30":318.48,"2015-06-30":17.61,"2015-03-31":-39.94,"2017-09-30":370.62,"2015-12-31":27.98,"2016-03-31":75.51,"2017-12-31":416.5,"2016-09-30":18.59,"2015-09-30":20.29}],["Net Profit",{"2016-06-30":602.84,"2016-12-31":743.61,"2017-03-31":837.49,"2017-06-30":499.67,"2015-06-30":615.91,"2015-03-31":554.47,"2017-09-30":681.85,"2015-12-31":636.14,"2016-03-31":653.32,"2017-12-31":525.99,"2016-09-30":916.67,"2015-09-30":1059.51}]]},"bse_code":"532921","short_name":"Adani Ports","nse_code":"ADANIPORTS","companyrating_set":[{"rating__rating":"[ICRA]AA- (Stable)","instrument":"Bank Loan Rating-Long Term","rating__source":"icra","link":"http://icra.in/search.aspx?word=Adani Ports & Special Economic Zone Ltd"},{"rating__rating":"[ICRA]A1+","instrument":"Bank Loan Rating-Short Term","rating__source":"icra","link":"http://icra.in/search.aspx?word=Adani Ports & Special Economic Zone Ltd"},{"rating__rating":"[ICRA]AA- (Stable)","instrument":"Infrastructure Sector Rating-Long Term","rating__source":"icra","link":"http://icra.in/search.aspx?word=Adani Ports & Special Economic Zone Ltd"},{"rating__rating":"[ICRA]A1+","instrument":"Infrastructure Sector Rating-Short Term","rating__source":"icra","link":"http://icra.in/search.aspx?word=Adani Ports & Special Economic Zone Ltd"},{"rating__rating":"IND AA+ (Stable)","instrument":"Long Term","rating__source":"fitch","link":"http://www.indiaratings.co.in/search/search.jsp?q=Adani Ports & Special Economic Zone Ltd"},{"rating__rating":"CRISIL AA- (Negative)","instrument":"Long Term Bank Loan","rating__source":"crisil","link":"http://www.crisil.com/ratings/company-wise-ratings.jsp?txtSearch=Adani Ports & Special Economic Zone Ltd"},{"rating__rating":"CARE AA","instrument":"LT InstrumentsDebentures","rating__source":"care","link":"http://google.com/search?btnI=1&q=Adani Ports & Special Economic Zone Ltd+site:careratings.com"},{"rating__rating":"CARE AA+ (SO)","instrument":"LT InstrumentsDebentures","rating__source":"care","link":"http://google.com/search?btnI=1&q=Adani Ports & Special Economic Zone Ltd+site:careratings.com"},{"rating__rating":"CRISIL A1+","instrument":"Non-Fund Based Limit","rating__source":"crisil","link":"http://www.crisil.com/ratings/company-wise-ratings.jsp?txtSearch=Adani Ports & Special Economic Zone Ltd"}],"annualreport_set":[{"source":"bse","report_date":2017,"link":"http://www.bseindia.com/bseplus/AnnualReport/532921/5329210317.pdf"},{"source":"bse","report_date":2016,"link":"http://www.bseindia.com/bseplus/AnnualReport/532921/5329210316.pdf"},{"source":"bse","report_date":2015,"link":"http://www.bseindia.com/bseplus/AnnualReport/532921/5329210315.pdf"},{"source":"bse","report_date":2014,"link":"http://www.bseindia.com/bseplus/AnnualReport/532921/5329210314.pdf"},{"source":"bse","report_date":2013,"link":"http://www.bseindia.com/bseplus/annualreport/532921/5329210313.pdf"},{"source":"nse","report_date":2013,"link":"http://nseindia.com/annual_reports/AR_547_ADANIPORTS_2012_2013_16072013101024.zip"},{"source":"bse","report_date":2012,"link":"http://www.bseindia.com/bseplus/annualreport/532921/5329210312.PDF"},{"source":"bse","report_date":2011,"link":"http://www.bseindia.com/bseplus/annualreport/532921/5329210311.pdf"},{"source":"nse","report_date":2011,"link":"http://nseindia.com/annual_reports/AR_MUNDRAPORT_2010_2011_09092011121616.zip"},{"source":"bse","report_date":2010,"link":"http://www.bseindia.com/bseplus/annualreport/532921/5329210310.pdf"},{"source":"nse","report_date":2010,"link":"http://nseindia.com/annual_reports/AR_MUNDRAPORT_2009_2010_18082010121500.zip"}],"announcement_set":[{"ann_date":"04 Apr 2018","announcement":"Announcement under Regulation 30 (LODR)-Analyst / Investor Meet - Intimation","link":"https://www.bseindia.com/corporates/anndet_new.aspx?newsid=275ee9c8-a6fb-42a0-a577-2e4343436e79"},{"ann_date":"28 Feb 2018","announcement":"Announcement under Regulation 30 (LODR)-Analyst / Investor Meet - Intimation","link":"https://www.bseindia.com/corporates/anndet_new.aspx?newsid=388e783f-0834-4215-8852-25abf0f4c1ab"},{"ann_date":"12 Feb 2018","announcement":"Announcement under Regulation 30 (LODR)-Resignation of Chief Financial Officer (CFO)","link":"https://www.bseindia.com/corporates/anndet_new.aspx?newsid=d126adcc-ecdb-4bcd-a842-dc218e9944a4"},{"ann_date":"07 Feb 2018","announcement":"Analyst / Investor Meet - Intimation","link":"http://www.bseindia.com/corporates/anndet_new.aspx?newsid=a169971a-ae9c-4c7a-92fd-2a85d40cde98"},{"ann_date":"19 Jan 2018","announcement":"Shareholding for the Period Ended December 31, 2017","link":"http://www.bseindia.com/corporates/anndet_new.aspx?newsid=0da5c582-f52d-4e2f-bb91-7a922cc30f3a"}],"warehouse_set":{"high_price":452.35,"low_price":317.6,"sales_growth":26.99,"current_price":379.3,"dividend_yield":0.34,"face_value":2.0,"id":3718,"sales_growth_3years":3.9,"profit_growth_5years":21.16,"average_return_on_equity_3years":21.79,"book_value":88.88,"status":"Active","pair_url":"/company/ADANIPORTS/consolidated","sales_growth_10years":21.94,"average_return_on_equity_10years":21.96,"profit_growth":-12.74,"market_capitalization":78551.2,"profit_growth_10years":35.95,"price_to_earning":28.98,"industry":"Marine Port & Services","analysis":{"remarks":[],"bad":["Promoter's stake has decreased","Earnings include an other income of Rs.1524.84 Cr."],"good":["Promoter's stake has increased"]},"result_type":"sa","profit_growth_3years":16.65,"sales_growth_5years":14.47,"return_on_equity":20.41,"average_return_on_equity_5years":22.97},"id":57,"name":"Adani Ports & Special Economic Zone Ltd"}
