{"prime":"con","number_set":{"balancesheet":[["Share Capital",{"2008-03-31":702.08,"2016-03-31":3333.94,"2014-03-31":2871.92,"2011-03-31":2180.04,"2015-03-31":2871.92,"2013-03-31":2393.27,"2006-03-31":0.95,"2012-03-31":2180.04,"2017-03-31":3856.94,"2010-03-31":2180.04,"2009-03-31":1841.98,"2007-03-31":260.69}],["Reserves",{"2008-03-31":694.15,"2016-03-31":5690.26,"2014-03-31":4915.24,"2011-03-31":4142.67,"2015-03-31":4844.23,"2013-03-31":2256.5,"2006-03-31":-0.01,"2012-03-31":3848.75,"2017-03-31":816.39,"2010-03-31":3619.59,"2009-03-31":448.84,"2007-03-31":-2.3}],["Borrowings",{"2008-03-31":1011.17,"2016-03-31":27012.4,"2014-03-31":25281.57,"2011-03-31":17346.06,"2015-03-31":23909.46,"2013-03-31":28092.13,"2006-03-31":0.0,"2012-03-31":26942.87,"2017-03-31":27273.97,"2010-03-31":9764.1,"2009-03-31":4989.69,"2007-03-31":144.27}],["Other Liabilities",{"2008-03-31":595.71,"2016-03-31":12309.73,"2014-03-31":7873.6,"2011-03-31":2232.45,"2015-03-31":8404.88,"2013-03-31":5236.5,"2006-03-31":12.71,"2012-03-31":3146.84,"2017-03-31":12928.35,"2010-03-31":1274.88,"2009-03-31":545.37,"2007-03-31":250.97}],["Total Liabilities",{"2008-03-31":2853.11,"2016-03-31":48346.33,"2014-03-31":40942.33,"2011-03-31":25901.22,"2015-03-31":40030.49,"2013-03-31":37978.4,"2006-03-31":13.65,"2012-03-31":36118.5,"2017-03-31":44875.65,"2010-03-31":16838.61,"2009-03-31":7825.88,"2007-03-31":653.63}],["Fixed Assets",{"2008-03-31":7.48,"2016-03-31":23796.9,"2014-03-31":24466.84,"2011-03-31":7809.3,"2015-03-31":20111.28,"2013-03-31":24151.12,"2006-03-31":0.18,"2012-03-31":14695.12,"2017-03-31":22717.65,"2010-03-31":2652.87,"2009-03-31":325.7,"2007-03-31":1.04}],["CWIP",{"2008-03-31":2395.55,"2016-03-31":38.92,"2014-03-31":146.4,"2011-03-31":12260.37,"2015-03-31":47.57,"2013-03-31":613.1,"2006-03-31":12.13,"2012-03-31":9487.5,"2017-03-31":68.48,"2010-03-31":10783.46,"2009-03-31":6250.01,"2007-03-31":601.87}],["Investments",{"2008-03-31":83.23,"2016-03-31":7662.08,"2014-03-31":4915.99,"2011-03-31":1670.58,"2015-03-31":5627.43,"2013-03-31":4928.43,"2006-03-31":0.0,"2012-03-31":2325.04,"2017-03-31":7740.39,"2010-03-31":746.58,"2009-03-31":272.14,"2007-03-31":0.0}],["Other Assets",{"2008-03-31":366.85,"2016-03-31":16848.43,"2014-03-31":11413.1,"2011-03-31":4160.97,"2015-03-31":14244.21,"2013-03-31":8285.75,"2006-03-31":1.34,"2012-03-31":9610.84,"2017-03-31":14349.13,"2010-03-31":2655.7,"2009-03-31":978.03,"2007-03-31":50.72}],["Total Assets",{"2008-03-31":2853.11,"2016-03-31":48346.33,"2014-03-31":40942.33,"2011-03-31":25901.22,"2015-03-31":40030.49,"2013-03-31":37978.4,"2006-03-31":13.65,"2012-03-31":36118.5,"2017-03-31":44875.65,"2010-03-31":16838.61,"2009-03-31":7825.88,"2007-03-31":653.63}]],"annual":[["Sales",{"2008-03-31":0.0,"2016-03-31":12875.27,"2014-03-31":10852.58,"2011-03-31":2106.43,"2015-03-31":10624.61,"2013-03-31":6332.98,"2006-03-31":0.0,"2012-03-31":3951.27,"2017-03-31":11017.97,"2010-03-31":434.86,"2009-03-31":0.0,"2007-03-31":0.0}],["Expenses",{"2008-03-31":1.47,"2016-03-31":9348.95,"2014-03-31":7412.78,"2011-03-31":873.32,"2015-03-31":8162.57,"2013-03-31":5755.86,"2006-03-31":0.0,"2012-03-31":2858.76,"2017-03-31":13668.48,"2010-03-31":190.27,"2009-03-31":2.82,"2007-03-31":2.29}],["Operating Profit",{"2008-03-31":-1.47,"2016-03-31":3526.32,"2014-03-31":3439.8,"2011-03-31":1233.11,"2015-03-31":2462.04,"2013-03-31":577.12,"2006-03-31":0.0,"2012-03-31":1092.51,"2017-03-31":-2650.51,"2010-03-31":244.59,"2009-03-31":-2.82,"2007-03-31":-2.29}],["OPM",{"2008-03-31":"--","2016-03-31":27.39,"2014-03-31":31.7,"2011-03-31":58.54,"2015-03-31":23.17,"2013-03-31":9.11,"2006-03-31":"--","2012-03-31":27.65,"2017-03-31":-24.06,"2010-03-31":56.25,"2009-03-31":"--","2007-03-31":"--"}],["Other Income",{"2008-03-31":0.0,"2016-03-31":522.73,"2014-03-31":621.25,"2011-03-31":87.85,"2015-03-31":848.32,"2013-03-31":586.7,"2006-03-31":0.0,"2012-03-31":243.0,"2017-03-31":735.22,"2010-03-31":31.93,"2009-03-31":0.0,"2007-03-31":0.0}],["Interest",{"2008-03-31":0.0,"2016-03-31":2951.19,"2014-03-31":3338.59,"2011-03-31":316.82,"2015-03-31":2497.62,"2013-03-31":1645.41,"2006-03-31":0.0,"2012-03-31":787.68,"2017-03-31":3101.56,"2010-03-31":37.67,"2009-03-31":0.0,"2007-03-31":0.0}],["Depreciation",{"2008-03-31":0.0,"2016-03-31":1137.26,"2014-03-31":1187.83,"2011-03-31":180.37,"2015-03-31":881.37,"2013-03-31":1012.12,"2006-03-31":0.0,"2012-03-31":551.45,"2017-03-31":1120.72,"2010-03-31":35.35,"2009-03-31":0.0,"2007-03-31":0.0}],["Profit before tax",{"2008-03-31":-1.47,"2016-03-31":-39.4,"2014-03-31":-465.37,"2011-03-31":823.77,"2015-03-31":-68.63,"2013-03-31":-1493.71,"2006-03-31":0.0,"2012-03-31":-3.62,"2017-03-31":-6137.57,"2010-03-31":203.5,"2009-03-31":-2.82,"2007-03-31":-2.29}],["Tax",{"2008-03-31":0.0,"2016-03-31":-135.94,"2014-03-31":-1060.63,"2011-03-31":300.02,"2015-03-31":0.0,"2013-03-31":458.32,"2006-03-31":0.0,"2012-03-31":290.3,"2017-03-31":-83.23,"2010-03-31":32.7,"2009-03-31":0.0,"2007-03-31":0.0}],["Net Profit",{"2008-03-31":-1.47,"2016-03-31":96.54,"2014-03-31":595.26,"2011-03-31":523.75,"2015-03-31":-68.63,"2013-03-31":-1952.03,"2006-03-31":0.0,"2012-03-31":-293.92,"2017-03-31":-6054.34,"2010-03-31":170.8,"2009-03-31":-2.82,"2007-03-31":-2.29}],["EPS (unadj)",{"2008-03-31":0.0,"2016-03-31":0.29,"2014-03-31":2.07,"2011-03-31":2.4,"2015-03-31":0.0,"2013-03-31":0.0,"2006-03-31":0.0,"2012-03-31":0.0,"2017-03-31":0.0,"2010-03-31":0.78,"2009-03-31":0.0,"2007-03-31":0.0}],["Dividend Payout",{"2008-03-31":-0.0,"2016-03-31":0.0,"2014-03-31":0.0,"2011-03-31":0.0,"2015-03-31":-0.0,"2013-03-31":-0.0,"2006-03-31":"--","2012-03-31":-0.0,"2017-03-31":-0.0,"2010-03-31":0.0,"2009-03-31":-0.0,"2007-03-31":-0.0}]],"cashflow":[["Cash from Operating Activity",{"2008-03-31":-1.47,"2016-03-31":1869.33,"2014-03-31":3385.89,"2011-03-31":1450.2,"2015-03-31":2393.28,"2013-03-31":1820.31,"2006-03-31":-9.59,"2012-03-31":540.78,"2017-03-31":659.43,"2010-03-31":-16.33,"2009-03-31":-1.87,"2007-03-31":-2.29}],["Cash from Investing Activity",{"2008-03-31":-1878.72,"2016-03-31":-3236.09,"2014-03-31":-30.89,"2011-03-31":-8409.81,"2015-03-31":-2575.38,"2013-03-31":177.23,"2006-03-31":0.0,"2012-03-31":-9047.25,"2017-03-31":-554.79,"2010-03-31":-7011.63,"2009-03-31":-4522.23,"2007-03-31":-275.33}],["Cash from Financing Activity",{"2008-03-31":2022.27,"2016-03-31":1330.12,"2014-03-31":-3352.75,"2011-03-31":6654.15,"2015-03-31":180.0,"2013-03-31":-2244.8,"2006-03-31":9.85,"2012-03-31":8381.5,"2017-03-31":-94.6,"2010-03-31":7560.47,"2009-03-31":4826.48,"2007-03-31":327.05}],["Net Cash Flow",{"2008-03-31":142.08,"2016-03-31":-36.64,"2014-03-31":2.25,"2011-03-31":-305.46,"2015-03-31":-2.1,"2013-03-31":-247.26,"2006-03-31":0.26,"2012-03-31":-124.97,"2017-03-31":10.04,"2010-03-31":532.51,"2009-03-31":302.38,"2007-03-31":49.43}]],"quarters":[["Sales",{"2016-06-30":2671.37,"2016-12-31":2511.71,"2017-03-31":3165.46,"2017-06-30":2682.07,"2015-06-30":3059.23,"2015-03-31":2493.5,"2017-09-30":3360.65,"2015-12-31":3070.25,"2016-03-31":3802.44,"2017-12-31":2183.47,"2016-09-30":2634.01,"2015-09-30":2943.35}],["Expenses",{"2016-06-30":2121.75,"2016-12-31":2477.81,"2017-03-31":6867.56,"2017-06-30":2343.89,"2015-06-30":2344.76,"2015-03-31":1895.6,"2017-09-30":2281.54,"2015-12-31":2266.9,"2016-03-31":2484.38,"2017-12-31":2608.56,"2016-09-30":2165.94,"2015-09-30":2252.92}],["Operating Profit",{"2016-06-30":549.62,"2016-12-31":33.9,"2017-03-31":-3702.1,"2017-06-30":338.18,"2015-06-30":714.47,"2015-03-31":597.9,"2017-09-30":1079.11,"2015-12-31":803.35,"2016-03-31":1318.06,"2017-12-31":-425.09,"2016-09-30":468.07,"2015-09-30":690.43}],["OPM",{"2016-06-30":20.57,"2016-12-31":1.35,"2017-03-31":-116.95,"2017-06-30":12.61,"2015-06-30":23.35,"2015-03-31":23.98,"2017-09-30":32.11,"2015-12-31":26.17,"2016-03-31":34.66,"2017-12-31":-19.47,"2016-09-30":17.77,"2015-09-30":23.46}],["Other Income",{"2016-06-30":138.36,"2016-12-31":172.56,"2017-03-31":230.0,"2017-06-30":136.63,"2015-06-30":131.27,"2015-03-31":310.65,"2017-09-30":61.48,"2015-12-31":124.98,"2016-03-31":131.5,"2017-12-31":2106.41,"2016-09-30":194.3,"2015-09-30":134.99}],["Depreciation",{"2016-06-30":239.31,"2016-12-31":244.26,"2017-03-31":396.24,"2017-06-30":278.96,"2015-06-30":232.61,"2015-03-31":-63.8,"2017-09-30":289.21,"2015-12-31":257.64,"2016-03-31":408.9,"2017-12-31":282.74,"2016-09-30":240.91,"2015-09-30":238.12}],["Interest",{"2016-06-30":738.63,"2016-12-31":784.84,"2017-03-31":821.49,"2017-06-30":711.7,"2015-06-30":733.41,"2015-03-31":554.14,"2017-09-30":594.88,"2015-12-31":700.93,"2016-03-31":741.03,"2017-12-31":606.86,"2016-09-30":756.6,"2015-09-30":775.81}],["Profit before tax",{"2016-06-30":-289.96,"2016-12-31":-822.64,"2017-03-31":-4689.83,"2017-06-30":-515.85,"2015-06-30":-120.28,"2015-03-31":418.21,"2017-09-30":256.5,"2015-12-31":-30.24,"2016-03-31":299.63,"2017-12-31":791.72,"2016-09-30":-335.14,"2015-09-30":-188.51}],["Tax",{"2016-06-30":-83.26,"2016-12-31":0.03,"2017-03-31":0.0,"2017-06-30":0.0,"2015-06-30":-218.89,"2015-03-31":0.0,"2017-09-30":0.0,"2015-12-31":0.0,"2016-03-31":82.96,"2017-12-31":0.0,"2016-09-30":0.0,"2015-09-30":0.0}],["Net Profit",{"2016-06-30":-206.7,"2016-12-31":-822.67,"2017-03-31":-4689.83,"2017-06-30":-515.85,"2015-06-30":98.61,"2015-03-31":418.21,"2017-09-30":256.5,"2015-12-31":-30.24,"2016-03-31":216.67,"2017-12-31":791.72,"2016-09-30":-335.14,"2015-09-30":-188.51}]]},"bse_code":"533096","short_name":"Adani Power","nse_code":"ADANIPOWER","companyrating_set":[{"rating__rating":"CARE BBB  @","instrument":"Bank FacilitiesFund Based - LT","rating__source":"care","link":"http://google.com/search?btnI=1&q=Adani Power Ltd+site:careratings.com"},{"rating__rating":"CARE A (SO)  @","instrument":"Bank FacilitiesFund Based - LT","rating__source":"care","link":"http://google.com/search?btnI=1&q=Adani Power Ltd+site:careratings.com"},{"rating__rating":"CARE BBB / CARE A3 @","instrument":"Bank FacilitiesFund Based/Non Fund Based","rating__source":"care","link":"http://google.com/search?btnI=1&q=Adani Power Ltd+site:careratings.com"},{"rating__rating":"CARE BBB / CARE A3 @","instrument":"Bank FacilitiesNon-Fund Based - LT/ ST","rating__source":"care","link":"http://google.com/search?btnI=1&q=Adani Power Ltd+site:careratings.com"},{"rating__rating":"CRISIL BB+(Negative)","instrument":"Bank Guarantee","rating__source":"crisil","link":"http://www.crisil.com/ratings/company-wise-ratings.jsp?txtSearch=Adani Power Ltd"},{"rating__rating":"CRISIL BB+(Negative)","instrument":"Letter of Credit (LC)","rating__source":"crisil","link":"http://www.crisil.com/ratings/company-wise-ratings.jsp?txtSearch=Adani Power Ltd"},{"rating__rating":"CRISIL BB+(Negative)","instrument":"Long Term Bank Loan","rating__source":"crisil","link":"http://www.crisil.com/ratings/company-wise-ratings.jsp?txtSearch=Adani Power Ltd"},{"rating__rating":"CRISIL BB+(Negative)","instrument":"Proposed Fund-Based Bank Limits","rating__source":"crisil","link":"http://www.crisil.com/ratings/company-wise-ratings.jsp?txtSearch=Adani Power Ltd"},{"rating__rating":"CRISIL BB+(Negative)","instrument":"Proposed Long-Term Bank Facility","rating__source":"crisil","link":"http://www.crisil.com/ratings/company-wise-ratings.jsp?txtSearch=Adani Power Ltd"},{"rating__rating":"Rating Withdrawn","instrument":"Proposed Structured Non Convertible Debentures  1000 Crore","rating__source":"brickworks","link":"http://google.com/search?btnI=1&q=Adani Power Ltd+site:brickworkratings.com"},{"rating__rating":"BWR A + (SO)(Stable)","instrument":"Proposed Structured Non Convertible Debentures  1000 Crore","rating__source":"brickworks","link":"http://google.com/search?btnI=1&q=Adani Power Ltd+site:brickworkratings.com"},{"rating__rating":"BWR AA - (SO)(Stable)","instrument":"Proposed Structured Non Convertible Debentures  1000 Crore","rating__source":"brickworks","link":"http://google.com/search?btnI=1&q=Adani Power Ltd+site:brickworkratings.com"},{"rating__rating":"CRISIL BB+(Negative)","instrument":"Proposed Working Capital Facility","rating__source":"crisil","link":"http://www.crisil.com/ratings/company-wise-ratings.jsp?txtSearch=Adani Power Ltd"},{"rating__rating":"CRISIL BB+(Negative)","instrument":"Working Capital Facility","rating__source":"crisil","link":"http://www.crisil.com/ratings/company-wise-ratings.jsp?txtSearch=Adani Power Ltd"}],"annualreport_set":[{"source":"bse","report_date":2017,"link":"http://www.bseindia.com/bseplus/AnnualReport/533096/5330960317.pdf"},{"source":"bse","report_date":2016,"link":"http://www.bseindia.com/bseplus/AnnualReport/533096/5330960316.pdf"},{"source":"bse","report_date":2015,"link":"http://www.bseindia.com/bseplus/AnnualReport/533096/5330960315.pdf"},{"source":"bse","report_date":2014,"link":"http://www.bseindia.com/bseplus/AnnualReport/533096/5330960314.pdf"},{"source":"bse","report_date":2013,"link":"http://www.bseindia.com/bseplus/annualreport/533096/5330960313.pdf"},{"source":"nse","report_date":2013,"link":"http://nseindia.com/annual_reports/AR_543_ADANIPOWER_2012_2013_16072013102113.zip"},{"source":"nse","report_date":2012,"link":"http://nseindia.com/annual_reports/AR_ADANIPOWER_2011_2012_17072012100212.zip"},{"source":"nse","report_date":2012,"link":"http://nseindia.com/annual_reports/AR_ADANIPOWER_2011_2012_17072012100212.zip"},{"source":"bse","report_date":2011,"link":"http://www.bseindia.com/bseplus/annualreport/533096/5330960311.pdf"},{"source":"nse","report_date":2011,"link":"http://nseindia.com/annual_reports/AR_ADANIPOWER_2010_2011_18072011150000.zip"},{"source":"bse","report_date":2010,"link":"http://www.bseindia.com/bseplus/annualreport/533096/5330960310.pdf"},{"source":"nse","report_date":2010,"link":"http://nseindia.com/annual_reports/AR_ADANIPOWER_2009_2010_18082010121500.zip"}],"announcement_set":[{"ann_date":"05 Apr 2018","announcement":"Compliances-Compliance Certificate For The Period Ended March, 2018","link":"https://www.bseindia.com/corporates/anndet_new.aspx?newsid=f041101c-0e46-4035-bfc5-4e9c5e1ff025"},{"ann_date":"02 Apr 2018","announcement":"Announcement under Regulation 30 (LODR)-Change in Directorate","link":"https://www.bseindia.com/corporates/anndet_new.aspx?newsid=38a3940a-aecc-4f10-90d0-3d5b53abd05c"},{"ann_date":"03 Feb 2018","announcement":"Resignation of Director","link":"http://www.bseindia.com/corporates/anndet_new.aspx?newsid=a2f94570-6028-483b-8ea9-679966dff2cb"},{"ann_date":"18 Jan 2018","announcement":"Shareholding for the Period Ended December 31, 2017","link":"http://www.bseindia.com/corporates/anndet_new.aspx?newsid=1b8920ac-1b02-40db-bdc0-d7f53708b1a7"},{"ann_date":"17 Jan 2018","announcement":"Financial Results For December 31, 2017","link":"http://www.bseindia.com/corporates/anndet_new.aspx?newsid=a5416051-98ef-41fa-a3ed-d2a981c3cd22"}],"warehouse_set":{"status":"Active","high_price":47.8,"average_return_on_equity_3years":-8.6,"return_on_equity":-31.24,"low_price":23.1,"industry":"Electric Utilities","result_type":"sa","book_value":13.5,"pair_url":"/company/ADANIPOWER/consolidated","profit_growth":-262.2,"average_return_on_equity_10years":-2.18,"sales_growth_3years":0.5,"average_return_on_equity_5years":-7.44,"sales_growth":-1.96,"sales_growth_5years":22.76,"current_price":25.65,"dividend_yield":0.0,"face_value":10.0,"id":3446,"market_capitalization":9893.05,"analysis":{"remarks":[],"bad":["Company has low interest coverage ratio.","Company has a low return on equity of -8.60% for last 3 years.","Promoters have pledged 31.99% of their holding"],"good":["Promoter's stake has increased"]}},"id":58,"name":"Adani Power Ltd"}
