{"prime":"con","number_set":{"balancesheet":[["Share Capital",{"2008-03-31":11.8,"2016-03-31":17.69,"2014-03-31":17.67,"2011-03-31":11.8,"2015-03-31":17.68,"2013-03-31":11.8,"2006-03-31":11.8,"2012-03-31":11.8,"2017-03-31":17.69,"2010-03-31":11.8,"2009-03-31":11.8,"2007-03-31":11.8}],["Reserves",{"2008-03-31":122.4,"2016-03-31":1114.01,"2014-03-31":518.65,"2011-03-31":203.75,"2015-03-31":768.65,"2013-03-31":344.48,"2006-03-31":97.85,"2012-03-31":260.04,"2017-03-31":1486.25,"2010-03-31":164.11,"2009-03-31":140.35,"2007-03-31":108.82}],["Borrowings",{"2008-03-31":165.06,"2016-03-31":68.08,"2014-03-31":128.94,"2011-03-31":158.28,"2015-03-31":70.86,"2013-03-31":123.46,"2006-03-31":82.76,"2012-03-31":190.31,"2017-03-31":5.53,"2010-03-31":203.29,"2009-03-31":240.22,"2007-03-31":108.48}],["Other Liabilities",{"2008-03-31":54.96,"2016-03-31":219.73,"2014-03-31":214.74,"2011-03-31":107.02,"2015-03-31":230.34,"2013-03-31":196.31,"2006-03-31":29.82,"2012-03-31":156.71,"2017-03-31":227.37,"2010-03-31":86.59,"2009-03-31":65.91,"2007-03-31":43.07}],["Total Liabilities",{"2008-03-31":354.22,"2016-03-31":1419.51,"2014-03-31":880.0,"2011-03-31":480.85,"2015-03-31":1087.53,"2013-03-31":676.05,"2006-03-31":222.23,"2012-03-31":618.86,"2017-03-31":1736.84,"2010-03-31":465.79,"2009-03-31":458.28,"2007-03-31":272.17}],["Fixed Assets",{"2008-03-31":93.89,"2016-03-31":432.83,"2014-03-31":261.4,"2011-03-31":206.19,"2015-03-31":271.32,"2013-03-31":262.73,"2006-03-31":49.91,"2012-03-31":236.56,"2017-03-31":572.93,"2010-03-31":160.85,"2009-03-31":130.19,"2007-03-31":56.37}],["CWIP",{"2008-03-31":23.88,"2016-03-31":239.8,"2014-03-31":93.55,"2011-03-31":17.22,"2015-03-31":170.2,"2013-03-31":12.49,"2006-03-31":0.0,"2012-03-31":2.52,"2017-03-31":339.26,"2010-03-31":46.99,"2009-03-31":55.17,"2007-03-31":13.44}],["Investments",{"2008-03-31":16.72,"2016-03-31":94.03,"2014-03-31":78.84,"2011-03-31":17.05,"2015-03-31":76.62,"2013-03-31":18.86,"2006-03-31":14.95,"2012-03-31":17.05,"2017-03-31":198.82,"2010-03-31":17.05,"2009-03-31":17.05,"2007-03-31":16.53}],["Other Assets",{"2008-03-31":219.73,"2016-03-31":652.85,"2014-03-31":446.21,"2011-03-31":240.39,"2015-03-31":569.39,"2013-03-31":381.97,"2006-03-31":157.37,"2012-03-31":362.73,"2017-03-31":625.83,"2010-03-31":240.9,"2009-03-31":255.87,"2007-03-31":185.83}],["Total Assets",{"2008-03-31":354.22,"2016-03-31":1419.51,"2014-03-31":880.0,"2011-03-31":480.85,"2015-03-31":1087.53,"2013-03-31":676.05,"2006-03-31":222.23,"2012-03-31":618.86,"2017-03-31":1736.84,"2010-03-31":465.79,"2009-03-31":458.28,"2007-03-31":272.17}]],"annual":[["Sales",{"2008-03-31":285.13,"2016-03-31":1573.6,"2014-03-31":1109.92,"2011-03-31":458.17,"2015-03-31":1356.2,"2013-03-31":839.2,"2006-03-31":206.01,"2012-03-31":604.27,"2017-03-31":1822.71,"2010-03-31":381.9,"2009-03-31":319.48,"2007-03-31":238.69}],["Expenses",{"2008-03-31":null,"2016-03-31":1051.04,"2014-03-31":764.39,"2011-03-31":368.59,"2015-03-31":890.59,"2013-03-31":631.92,"2006-03-31":null,"2012-03-31":486.13,"2017-03-31":1186.7,"2010-03-31":null,"2009-03-31":null,"2007-03-31":null}],["Operating Profit",{"2008-03-31":null,"2016-03-31":522.56,"2014-03-31":345.53,"2011-03-31":89.58,"2015-03-31":465.61,"2013-03-31":207.28,"2006-03-31":null,"2012-03-31":118.14,"2017-03-31":636.01,"2010-03-31":null,"2009-03-31":null,"2007-03-31":null}],["OPM",{"2008-03-31":null,"2016-03-31":33.21,"2014-03-31":31.13,"2011-03-31":19.55,"2015-03-31":34.33,"2013-03-31":24.7,"2006-03-31":null,"2012-03-31":19.55,"2017-03-31":34.89,"2010-03-31":null,"2009-03-31":null,"2007-03-31":null}],["Other Income",{"2008-03-31":0.77,"2016-03-31":86.87,"2014-03-31":17.72,"2011-03-31":1.65,"2015-03-31":33.7,"2013-03-31":7.41,"2006-03-31":0.29,"2012-03-31":6.3,"2017-03-31":66.95,"2010-03-31":1.04,"2009-03-31":1.38,"2007-03-31":0.63}],["Interest",{"2008-03-31":15.09,"2016-03-31":4.19,"2014-03-31":8.22,"2011-03-31":15.86,"2015-03-31":5.01,"2013-03-31":18.48,"2006-03-31":11.14,"2012-03-31":14.01,"2017-03-31":2.83,"2010-03-31":19.07,"2009-03-31":22.03,"2007-03-31":11.56}],["Depreciation",{"2008-03-31":6.97,"2016-03-31":42.68,"2014-03-31":41.97,"2011-03-31":23.79,"2015-03-31":49.42,"2013-03-31":32.7,"2006-03-31":6.19,"2012-03-31":30.68,"2017-03-31":59.48,"2010-03-31":19.76,"2009-03-31":13.15,"2007-03-31":6.78}],["Profit before tax",{"2008-03-31":24.64,"2016-03-31":562.56,"2014-03-31":313.06,"2011-03-31":51.58,"2015-03-31":444.88,"2013-03-31":163.51,"2006-03-31":11.86,"2012-03-31":79.75,"2017-03-31":640.65,"2010-03-31":33.66,"2009-03-31":25.94,"2007-03-31":18.37}],["Tax",{"2008-03-31":6.85,"2016-03-31":140.61,"2014-03-31":92.2,"2011-03-31":5.13,"2015-03-31":138.51,"2013-03-31":62.39,"2006-03-31":1.51,"2012-03-31":13.26,"2017-03-31":140.84,"2010-03-31":5.12,"2009-03-31":4.56,"2007-03-31":4.66}],["Net Profit",{"2008-03-31":17.79,"2016-03-31":421.95,"2014-03-31":220.86,"2011-03-31":46.45,"2015-03-31":306.37,"2013-03-31":101.12,"2006-03-31":10.35,"2012-03-31":66.49,"2017-03-31":499.81,"2010-03-31":28.54,"2009-03-31":21.38,"2007-03-31":13.71}],["EPS (unadj)",{"2008-03-31":14.65,"2016-03-31":47.7,"2014-03-31":60.8,"2011-03-31":38.56,"2015-03-31":34.01,"2013-03-31":41.79,"2006-03-31":8.56,"2012-03-31":55.14,"2017-03-31":56.51,"2010-03-31":23.61,"2009-03-31":17.69,"2007-03-31":11.28}],["Dividend Payout",{"2008-03-31":16.67,"2016-03-31":16.83,"2014-03-31":16.03,"2011-03-31":12.77,"2015-03-31":17.37,"2013-03-31":14.66,"2006-03-31":17.19,"2012-03-31":13.38,"2017-03-31":23.09,"2010-03-31":14.55,"2009-03-31":13.87,"2007-03-31":17.3}]],"cashflow":[["Cash from Operating Activity",{"2008-03-31":15.98,"2016-03-31":276.67,"2014-03-31":189.71,"2011-03-31":107.63,"2015-03-31":262.92,"2013-03-31":205.66,"2006-03-31":19.12,"2012-03-31":38.85,"2017-03-31":529.06,"2010-03-31":99.38,"2009-03-31":33.8,"2007-03-31":19.77}],["Cash from Investing Activity",{"2008-03-31":-55.97,"2016-03-31":-139.39,"2014-03-31":-175.57,"2011-03-31":-49.5,"2015-03-31":-145.63,"2013-03-31":-98.45,"2006-03-31":-9.67,"2012-03-31":-50.2,"2017-03-31":-349.66,"2010-03-31":-42.18,"2009-03-31":-81.05,"2007-03-31":-28.22}],["Cash from Financing Activity",{"2008-03-31":38.84,"2016-03-31":-128.38,"2014-03-31":-19.8,"2011-03-31":-61.3,"2015-03-31":-101.18,"2013-03-31":-95.9,"2006-03-31":-8.45,"2012-03-31":11.62,"2017-03-31":-194.08,"2010-03-31":-59.28,"2009-03-31":49.65,"2007-03-31":12.17}],["Net Cash Flow",{"2008-03-31":-1.15,"2016-03-31":8.9,"2014-03-31":-5.66,"2011-03-31":-3.17,"2015-03-31":16.11,"2013-03-31":11.31,"2006-03-31":1.0,"2012-03-31":0.27,"2017-03-31":-14.68,"2010-03-31":-2.08,"2009-03-31":2.4,"2007-03-31":3.72}]],"quarters":[["Sales",{"2016-06-30":417.87,"2016-12-31":508.6,"2017-03-31":418.5,"2017-06-30":397.93,"2015-06-30":340.54,"2015-03-31":368.84,"2017-09-30":469.14,"2015-12-31":423.89,"2016-03-31":406.52,"2017-12-31":500.78,"2016-09-30":477.74,"2015-09-30":393.57}],["Expenses",{"2016-06-30":275.4,"2016-12-31":333.44,"2017-03-31":276.98,"2017-06-30":286.14,"2015-06-30":230.77,"2015-03-31":235.07,"2017-09-30":311.7,"2015-12-31":274.56,"2016-03-31":275.71,"2017-12-31":347.2,"2016-09-30":309.12,"2015-09-30":265.93}],["Operating Profit",{"2016-06-30":142.47,"2016-12-31":175.16,"2017-03-31":141.52,"2017-06-30":111.79,"2015-06-30":109.77,"2015-03-31":133.77,"2017-09-30":157.44,"2015-12-31":149.33,"2016-03-31":130.81,"2017-12-31":153.58,"2016-09-30":168.62,"2015-09-30":127.64}],["OPM",{"2016-06-30":34.09,"2016-12-31":34.44,"2017-03-31":33.82,"2017-06-30":28.09,"2015-06-30":32.23,"2015-03-31":36.27,"2017-09-30":33.56,"2015-12-31":35.23,"2016-03-31":32.18,"2017-12-31":30.67,"2016-09-30":35.3,"2015-09-30":32.43}],["Other Income",{"2016-06-30":8.48,"2016-12-31":51.08,"2017-03-31":7.36,"2017-06-30":2.98,"2015-06-30":14.91,"2015-03-31":2.84,"2017-09-30":7.93,"2015-12-31":4.92,"2016-03-31":43.28,"2017-12-31":64.69,"2016-09-30":6.68,"2015-09-30":23.79}],["Depreciation",{"2016-06-30":12.43,"2016-12-31":14.73,"2017-03-31":18.87,"2017-06-30":12.93,"2015-06-30":9.7,"2015-03-31":12.59,"2017-09-30":13.95,"2015-12-31":11.12,"2016-03-31":11.55,"2017-12-31":14.34,"2016-09-30":13.45,"2015-09-30":10.31}],["Interest",{"2016-06-30":0.36,"2016-12-31":0.25,"2017-03-31":0.37,"2017-06-30":0.04,"2015-06-30":1.03,"2015-03-31":1.05,"2017-09-30":0.05,"2015-12-31":1.31,"2016-03-31":0.92,"2017-12-31":0.1,"2016-09-30":0.26,"2015-09-30":0.93}],["Profit before tax",{"2016-06-30":138.16,"2016-12-31":211.26,"2017-03-31":129.64,"2017-06-30":101.8,"2015-06-30":113.95,"2015-03-31":122.97,"2017-09-30":151.37,"2015-12-31":141.82,"2016-03-31":161.62,"2017-12-31":203.83,"2016-09-30":161.59,"2015-09-30":140.19}],["Tax",{"2016-06-30":38.25,"2016-12-31":40.28,"2017-03-31":21.67,"2017-06-30":25.07,"2015-06-30":32.06,"2015-03-31":38.66,"2017-09-30":43.67,"2015-12-31":37.93,"2016-03-31":23.63,"2017-12-31":39.24,"2016-09-30":40.64,"2015-09-30":45.27}],["Net Profit",{"2016-06-30":99.91,"2016-12-31":170.98,"2017-03-31":107.97,"2017-06-30":76.73,"2015-06-30":81.89,"2015-03-31":84.31,"2017-09-30":107.7,"2015-12-31":103.89,"2016-03-31":137.99,"2017-12-31":164.59,"2016-09-30":120.95,"2015-09-30":94.92}]]},"bse_code":"532331","short_name":"Ajanta Pharma","nse_code":"AJANTPHARM","companyrating_set":[{"rating__rating":"CARE AA-","instrument":"Bank FacilitiesFund Based - LT","rating__source":"care","link":"http://google.com/search?btnI=1&q=Ajanta Pharma Ltd+site:careratings.com"},{"rating__rating":"CARE AA- / CARE A1+","instrument":"Bank FacilitiesFund Based - LT/ ST","rating__source":"care","link":"http://google.com/search?btnI=1&q=Ajanta Pharma Ltd+site:careratings.com"},{"rating__rating":"CARE A1+","instrument":"Bank FacilitiesNon-Fund Based - ST","rating__source":"care","link":"http://google.com/search?btnI=1&q=Ajanta Pharma Ltd+site:careratings.com"}],"annualreport_set":[{"source":"bse","report_date":2017,"link":"http://www.bseindia.com/bseplus/AnnualReport/532331/5323310317.pdf"},{"source":"bse","report_date":2016,"link":"http://www.bseindia.com/bseplus/AnnualReport/532331/5323310316.pdf"},{"source":"bse","report_date":2015,"link":"http://www.bseindia.com/bseplus/AnnualReport/532331/5323310315.pdf"},{"source":"bse","report_date":2014,"link":"http://www.bseindia.com/bseplus/AnnualReport/532331/5323310314.pdf"},{"source":"bse","report_date":2013,"link":"http://www.bseindia.com/bseplus/annualreport/532331/5323310313.pdf"},{"source":"bse","report_date":2012,"link":"http://www.bseindia.com/bseplus/annualreport/532331/5323310312.PDF"},{"source":"bse","report_date":2011,"link":"http://www.bseindia.com/bseplus/annualreport/532331/5323310311.pdf"},{"source":"bse","report_date":2010,"link":"http://www.bseindia.com/bseplus/annualreport/532331/5323310310.pdf"},{"source":"nse","report_date":2010,"link":"http://nseindia.com/annual_reports/AR_AJANTPHARM_2009_2010_08042011100509.zip"}],"announcement_set":[{"ann_date":"05 Apr 2018","announcement":"Compliance Certificate - Regulation 7(3) Of SEBI (Listing Obligations And Disclosure Requirements) Regulations, 2015.","link":"https://www.bseindia.com/corporates/anndet_new.aspx?newsid=c7661ed7-445d-4690-8e01-32e395549436"},{"ann_date":"09 Feb 2018","announcement":"Announcement under Regulation 30 (LODR)-Updates","link":"http://www.bseindia.com/corporates/anndet_new.aspx?newsid=e6f688ae-1fa1-40fc-a035-463e487fb67a"},{"ann_date":"25 Jan 2018","announcement":"Investor Presentation","link":"http://www.bseindia.com/corporates/anndet_new.aspx?newsid=f33de5bd-68e7-44b6-becf-c2634b480dd2"},{"ann_date":"25 Jan 2018","announcement":"Financial Results For Quarter Ended 31St December, 2017","link":"http://www.bseindia.com/corporates/anndet_new.aspx?newsid=55eda870-8d8f-4074-a186-08f1d3371a7f"},{"ann_date":"18 Jan 2018","announcement":"Shareholding for the Period Ended December 31, 2017","link":"http://www.bseindia.com/corporates/anndet_new.aspx?newsid=e89c3121-21f5-4d09-bea0-0eed443a8761"}],"warehouse_set":{"high_price":1820.2,"low_price":1120.05,"sales_growth":-1.35,"current_price":1395.15,"dividend_yield":0.94,"face_value":2.0,"id":1053,"sales_growth_3years":17.98,"profit_growth_5years":49.11,"average_return_on_equity_3years":41.71,"book_value":210.53,"status":"Active","pair_url":"/company/AJANTPHARM/consolidated","sales_growth_10years":22.89,"average_return_on_equity_10years":37.64,"profit_growth":-13.75,"market_capitalization":12279.34,"profit_growth_10years":44.04,"price_to_earning":26.87,"industry":"Pharmaceuticals","analysis":{"remarks":[],"bad":[],"good":["Company has reduced debt.","Company is virtually debt free.","Company has good consistent profit growth of 49.11% over 5 years","Company has a good return on equity (ROE) track record: 3 Years ROE 41.71%","Company has been maintaining a healthy dividend payout of 19.51%"]},"result_type":"sa","profit_growth_3years":30.49,"sales_growth_5years":24.71,"return_on_equity":37.16,"average_return_on_equity_5years":41.87},"id":104,"name":"Ajanta Pharma Ltd"}
