{"prime":"con","number_set":{"balancesheet":[["Share Capital",{"2009-12-31":304.74,"2016-12-31":397.13,"2014-12-31":309.95,"2006-12-31":303.37,"2008-12-31":304.52,"2012-12-31":308.44,"2010-12-31":305.97,"2015-12-31":310.38,"2013-12-31":309.17,"2007-12-31":304.48,"2011-12-31":306.87}],["Reserves",{"2009-12-31":6165.92,"2016-12-31":18676.43,"2014-12-31":9793.38,"2006-12-31":3187.21,"2008-12-31":5368.35,"2012-12-31":8496.62,"2010-12-31":7022.79,"2015-12-31":9996.49,"2013-12-31":9176.37,"2007-12-31":4356.39,"2011-12-31":7762.56}],["Borrowings",{"2009-12-31":165.7,"2016-12-31":36.81,"2014-12-31":29.15,"2006-12-31":865.38,"2008-12-31":288.67,"2012-12-31":42.81,"2010-12-31":65.03,"2015-12-31":32.74,"2013-12-31":40.48,"2007-12-31":330.42,"2011-12-31":49.36}],["Other Liabilities",{"2009-12-31":2256.6,"2016-12-31":4364.99,"2014-12-31":3902.8,"2006-12-31":1098.88,"2008-12-31":1883.11,"2012-12-31":3571.99,"2010-12-31":2991.89,"2015-12-31":3989.1,"2013-12-31":3568.77,"2007-12-31":1575.63,"2011-12-31":3505.81}],["Total Liabilities",{"2009-12-31":8892.96,"2016-12-31":23475.36,"2014-12-31":14035.28,"2006-12-31":5454.84,"2008-12-31":7844.65,"2012-12-31":12419.86,"2010-12-31":10385.68,"2015-12-31":14328.71,"2013-12-31":13094.79,"2007-12-31":6566.92,"2011-12-31":11624.6}],["Fixed Assets",{"2009-12-31":3440.04,"2016-12-31":5978.65,"2014-12-31":6227.11,"2006-12-31":2489.18,"2008-12-31":3192.75,"2012-12-31":5862.37,"2010-12-31":5627.75,"2015-12-31":6092.03,"2013-12-31":6062.53,"2007-12-31":2959.86,"2011-12-31":6186.46}],["CWIP",{"2009-12-31":2714.43,"2016-12-31":320.02,"2014-12-31":690.17,"2006-12-31":634.93,"2008-12-31":1947.22,"2012-12-31":520.12,"2010-12-31":930.7,"2015-12-31":414.12,"2013-12-31":694.88,"2007-12-31":696.79,"2011-12-31":486.82}],["Investments",{"2009-12-31":727.01,"2016-12-31":12909.72,"2014-12-31":2172.73,"2006-12-31":1133.12,"2008-12-31":332.39,"2012-12-31":1655.84,"2010-12-31":625.95,"2015-12-31":2226.13,"2013-12-31":1788.45,"2007-12-31":1288.94,"2011-12-31":864.31}],["Other Assets",{"2009-12-31":2011.48,"2016-12-31":4266.97,"2014-12-31":4945.27,"2006-12-31":1197.61,"2008-12-31":2372.29,"2012-12-31":4381.53,"2010-12-31":3201.28,"2015-12-31":5596.43,"2013-12-31":4548.93,"2007-12-31":1621.33,"2011-12-31":4087.01}],["Total Assets",{"2009-12-31":8892.96,"2016-12-31":23475.36,"2014-12-31":14035.28,"2006-12-31":5454.84,"2008-12-31":7844.65,"2012-12-31":12419.86,"2010-12-31":10385.68,"2015-12-31":14328.71,"2013-12-31":13094.79,"2007-12-31":6566.92,"2011-12-31":11624.6}]],"annual":[["Sales",{"2009-12-31":7076.87,"2016-12-31":9267.82,"2014-12-31":9978.12,"2006-12-31":6274.52,"2008-12-31":6220.27,"2012-12-31":9730.3,"2010-12-31":7390.21,"2015-12-31":9461.4,"2013-12-31":9174.26,"2007-12-31":5631.36,"2011-12-31":8554.26}],["Expenses",{"2009-12-31":5209.99,"2016-12-31":7585.13,"2014-12-31":8049.68,"2006-12-31":4152.35,"2008-12-31":4513.28,"2012-12-31":7536.46,"2010-12-31":5612.69,"2015-12-31":7929.93,"2013-12-31":7507.32,"2007-12-31":3615.78,"2011-12-31":6601.48}],["Operating Profit",{"2009-12-31":1866.88,"2016-12-31":1682.69,"2014-12-31":1928.44,"2006-12-31":2122.17,"2008-12-31":1706.99,"2012-12-31":2193.84,"2010-12-31":1777.52,"2015-12-31":1531.47,"2013-12-31":1666.94,"2007-12-31":2015.58,"2011-12-31":1952.78}],["OPM",{"2009-12-31":26.38,"2016-12-31":18.16,"2014-12-31":19.33,"2006-12-31":33.82,"2008-12-31":27.44,"2012-12-31":22.55,"2010-12-31":24.05,"2015-12-31":16.19,"2013-12-31":18.17,"2007-12-31":35.79,"2011-12-31":22.83}],["Other Income",{"2009-12-31":255.84,"2016-12-31":576.23,"2014-12-31":428.98,"2006-12-31":158.78,"2008-12-31":554.67,"2012-12-31":348.87,"2010-12-31":320.23,"2015-12-31":358.19,"2013-12-31":402.33,"2007-12-31":1008.96,"2011-12-31":247.87}],["Interest",{"2009-12-31":22.43,"2016-12-31":71.48,"2014-12-31":64.48,"2006-12-31":113.23,"2008-12-31":32.06,"2012-12-31":75.66,"2010-12-31":48.69,"2015-12-31":91.79,"2013-12-31":65.08,"2007-12-31":75.85,"2011-12-31":52.63}],["Depreciation",{"2009-12-31":296.99,"2016-12-31":850.13,"2014-12-31":509.53,"2006-12-31":326.12,"2008-12-31":259.76,"2012-12-31":565.22,"2010-12-31":387.19,"2015-12-31":625.66,"2013-12-31":490.07,"2007-12-31":236.34,"2011-12-31":445.15}],["Profit before tax",{"2009-12-31":1803.3,"2016-12-31":1337.31,"2014-12-31":1783.41,"2006-12-31":1841.6,"2008-12-31":1969.84,"2012-12-31":1901.83,"2010-12-31":1661.87,"2015-12-31":1172.21,"2013-12-31":1514.12,"2007-12-31":2712.35,"2011-12-31":1702.87}],["Tax",{"2009-12-31":584.93,"2016-12-31":367.22,"2014-12-31":287.05,"2006-12-31":338.35,"2008-12-31":567.57,"2012-12-31":604.77,"2010-12-31":398.26,"2015-12-31":364.65,"2013-12-31":219.55,"2007-12-31":943.25,"2011-12-31":474.01}],["Net Profit",{"2009-12-31":1218.37,"2016-12-31":970.09,"2014-12-31":1496.36,"2006-12-31":1503.25,"2008-12-31":1402.27,"2012-12-31":1297.06,"2010-12-31":1263.61,"2015-12-31":807.56,"2013-12-31":1294.57,"2007-12-31":1769.1,"2011-12-31":1228.86}],["EPS (unadj)",{"2009-12-31":7.59,"2016-12-31":4.44,"2014-12-31":8.71,"2006-12-31":6.32,"2008-12-31":8.84,"2012-12-31":7.83,"2010-12-31":7.83,"2015-12-31":4.63,"2013-12-31":7.76,"2007-12-31":11.03,"2011-12-31":7.5}],["Dividend Payout",{"2009-12-31":30.02,"2016-12-31":57.32,"2014-12-31":51.79,"2006-12-31":33.31,"2008-12-31":23.89,"2012-12-31":42.81,"2010-12-31":31.49,"2015-12-31":53.82,"2013-12-31":43.0,"2007-12-31":30.13,"2011-12-31":39.96}]],"cashflow":[["Cash from Operating Activity",{"2009-12-31":2126.43,"2016-12-31":1415.39,"2014-12-31":1675.27,"2006-12-31":1801.65,"2008-12-31":967.71,"2012-12-31":1857.49,"2010-12-31":1875.61,"2015-12-31":1552.81,"2013-12-31":1286.74,"2007-12-31":1551.76,"2011-12-31":1533.46}],["Cash from Investing Activity",{"2009-12-31":-1194.15,"2016-12-31":-3344.96,"2014-12-31":-460.09,"2006-12-31":-632.64,"2008-12-31":-930.63,"2012-12-31":-392.67,"2010-12-31":-527.29,"2015-12-31":-82.92,"2013-12-31":-522.43,"2007-12-31":-162.84,"2011-12-31":-448.21}],["Cash from Financing Activity",{"2009-12-31":-465.92,"2016-12-31":-682.26,"2014-12-31":-717.14,"2006-12-31":-888.86,"2008-12-31":-472.82,"2012-12-31":-504.43,"2010-12-31":-474.88,"2015-12-31":-896.89,"2013-12-31":-663.41,"2007-12-31":-1124.44,"2011-12-31":-474.79}],["Net Cash Flow",{"2009-12-31":466.36,"2016-12-31":-2611.83,"2014-12-31":498.04,"2006-12-31":280.15,"2008-12-31":-435.74,"2012-12-31":960.39,"2010-12-31":873.44,"2015-12-31":573.0,"2013-12-31":100.9,"2007-12-31":264.48,"2011-12-31":610.46}]],"quarters":[["Sales",{"2016-06-30":2547.7,"2016-12-31":2224.48,"2017-03-31":2562.44,"2017-06-30":2860.04,"2015-06-30":2508.27,"2015-03-31":2463.04,"2017-09-30":2319.64,"2015-12-31":2379.22,"2016-03-31":2432.3,"2017-12-31":2712.61,"2016-09-30":2014.85,"2015-09-30":2110.87}],["Expenses",{"2016-06-30":1949.95,"2016-12-31":1889.77,"2017-03-31":2168.35,"2017-06-30":2209.02,"2015-06-30":2124.48,"2015-03-31":1953.09,"2017-09-30":1965.25,"2015-12-31":2051.61,"2016-03-31":1980.43,"2017-12-31":2171.97,"2016-09-30":1706.83,"2015-09-30":1800.74}],["Operating Profit",{"2016-06-30":597.75,"2016-12-31":334.71,"2017-03-31":394.09,"2017-06-30":651.02,"2015-06-30":383.79,"2015-03-31":509.95,"2017-09-30":354.39,"2015-12-31":327.61,"2016-03-31":451.87,"2017-12-31":540.64,"2016-09-30":308.02,"2015-09-30":310.13}],["OPM",{"2016-06-30":23.46,"2016-12-31":15.05,"2017-03-31":15.38,"2017-06-30":22.76,"2015-06-30":15.3,"2015-03-31":20.7,"2017-09-30":15.28,"2015-12-31":13.77,"2016-03-31":18.58,"2017-12-31":19.93,"2016-09-30":15.29,"2015-09-30":14.69}],["Other Income",{"2016-06-30":170.44,"2016-12-31":41.2,"2017-03-31":101.94,"2017-06-30":55.99,"2015-06-30":105.69,"2015-03-31":95.1,"2017-09-30":153.11,"2015-12-31":83.3,"2016-03-31":124.99,"2017-12-31":48.05,"2016-09-30":173.58,"2015-09-30":74.1}],["Depreciation",{"2016-06-30":150.74,"2016-12-31":155.96,"2017-03-31":145.98,"2017-06-30":143.89,"2015-06-30":148.51,"2015-03-31":157.76,"2017-09-30":140.34,"2015-12-31":164.13,"2016-03-31":382.96,"2017-12-31":142.71,"2016-09-30":159.19,"2015-09-30":155.26}],["Interest",{"2016-06-30":21.17,"2016-12-31":14.49,"2017-03-31":37.7,"2017-06-30":16.5,"2015-06-30":31.56,"2015-03-31":21.36,"2017-09-30":31.25,"2015-12-31":18.13,"2016-03-31":18.8,"2017-12-31":21.74,"2016-09-30":19.78,"2015-09-30":20.74}],["Profit before tax",{"2016-06-30":596.28,"2016-12-31":205.46,"2017-03-31":312.35,"2017-06-30":546.62,"2015-06-30":309.41,"2015-03-31":425.93,"2017-09-30":335.91,"2015-12-31":228.65,"2016-03-31":175.1,"2017-12-31":424.24,"2016-09-30":302.63,"2015-09-30":208.23}],["Tax",{"2016-06-30":144.35,"2016-12-31":26.21,"2017-03-31":65.81,"2017-06-30":154.39,"2015-06-30":83.06,"2015-03-31":108.24,"2017-09-30":63.49,"2015-12-31":118.69,"2016-03-31":121.59,"2017-12-31":85.86,"2016-09-30":55.08,"2015-09-30":54.66}],["Net Profit",{"2016-06-30":451.93,"2016-12-31":179.25,"2017-03-31":246.54,"2017-06-30":392.23,"2015-06-30":226.35,"2015-03-31":317.69,"2017-09-30":272.42,"2015-12-31":109.96,"2016-03-31":53.51,"2017-12-31":338.38,"2016-09-30":247.55,"2015-09-30":153.57}]]},"bse_code":"500425","short_name":"Ambuja Cem.","nse_code":"AMBUJACEM","companyrating_set":[{"rating__rating":"CRISIL AAA(Stable)","instrument":"Proposed Long-Term Bank Facility","rating__source":"crisil","link":"http://www.crisil.com/ratings/company-wise-ratings.jsp?txtSearch=Ambuja Cements Ltd"},{"rating__rating":"CRISIL A1+","instrument":"Short Term Debt","rating__source":"crisil","link":"http://www.crisil.com/ratings/company-wise-ratings.jsp?txtSearch=Ambuja Cements Ltd"}],"annualreport_set":[{"source":"bse","report_date":2016,"link":"http://www.bseindia.com/bseplus/AnnualReport/500425/5004250316.pdf"},{"source":"bse","report_date":2015,"link":"http://www.bseindia.com/bseplus/AnnualReport/500425/5004251215.pdf"},{"source":"bse","report_date":2014,"link":"http://www.bseindia.com/bseplus/AnnualReport/500425/5004251214.pdf"},{"source":"nse","report_date":2013,"link":"http://nseindia.com/annual_reports/AR_3235_AMBUJACEM_2013_2013_02042014162705.zip"},{"source":"bse","report_date":2012,"link":"http://www.bseindia.com/bseplus/annualreport/500425/5004251212.pdf"},{"source":"nse","report_date":2012,"link":"http://nseindia.com/annual_reports/AR_AMBUJACEM_2012_2012_05032013102526.zip"},{"source":"nse","report_date":2011,"link":"http://nseindia.com/annual_reports/AR_AMBUJACEM_2011_2011_15062012110035.zip"},{"source":"nse","report_date":2010,"link":"http://nseindia.com/annual_reports/AR_AMBUJACEM_2010_2010_15062012100818.zip"},{"source":"nse","report_date":2009,"link":"http://nseindia.com/annual_reports/AR_AMBUJACEM_2009_2009_18082010121500.zip"}],"announcement_set":[{"ann_date":"06 Apr 2018","announcement":"Announcement under Regulation 30 (LODR)-Analyst / Investor Meet - Intimation","link":"https://www.bseindia.com/corporates/anndet_new.aspx?newsid=104050b1-f33f-47e3-9dd8-a28f64d8be20"},{"ann_date":"02 Apr 2018","announcement":"Announcement under Regulation 30 (LODR)-Analyst / Investor Meet - Intimation","link":"https://www.bseindia.com/corporates/anndet_new.aspx?newsid=08b45993-909f-4b07-8797-31aae9f27d35"},{"ann_date":"28 Mar 2018","announcement":"Announcement under Regulation 30 (LODR)-Analyst / Investor Meet - Intimation","link":"https://www.bseindia.com/corporates/anndet_new.aspx?newsid=e584cd85-d8f6-4ce8-bc4f-4843cbf31dd5"},{"ann_date":"27 Mar 2018","announcement":"Board Meeting-Closure of Trading Window","link":"https://www.bseindia.com/corporates/anndet_new.aspx?newsid=b9810425-cf3d-46ab-a1d4-6243fefbae4e"},{"ann_date":"22 Mar 2018","announcement":"Announcement under Regulation 30 (LODR)-Analyst / Investor Meet - Intimation","link":"https://www.bseindia.com/corporates/anndet_new.aspx?newsid=136638d4-08ff-48e2-9a4c-b8a75430c303"}],"warehouse_set":{"high_price":291.5,"low_price":223.0,"sales_growth":13.4,"current_price":238.65,"dividend_yield":1.17,"face_value":2.0,"id":386,"sales_growth_3years":0.34,"profit_growth_5years":-7.16,"average_return_on_equity_3years":8.33,"book_value":102.35,"status":"Active","pair_url":"/company/AMBUJACEM/consolidated","sales_growth_10years":5.69,"average_return_on_equity_10years":13.73,"profit_growth":34.04,"market_capitalization":47387.42,"profit_growth_10years":-3.79,"price_to_earning":37.92,"industry":"Cement & Cement Products","analysis":{"remarks":[],"bad":["The company has delivered a poor growth of 1.61% over past five years.","Company has a low return on equity of 8.33% for last 3 years."],"good":["Company is virtually debt free.","Promoter's stake has increased","Company has been maintaining a healthy dividend payout of 53.93%"]},"result_type":"sa","profit_growth_3years":-11.52,"sales_growth_5years":1.61,"return_on_equity":5.69,"average_return_on_equity_5years":10.44},"id":163,"name":"Ambuja Cements Ltd"}
