{"prime":"sa","number_set":{"balancesheet":[["Share Capital",{"2008-03-31":58.69,"2016-03-31":69.56,"2014-03-31":69.56,"2011-03-31":62.36,"2015-03-31":69.56,"2013-03-31":69.56,"2006-03-31":50.6,"2012-03-31":67.23,"2017-03-31":69.56,"2010-03-31":61.78,"2009-03-31":60.24,"2007-03-31":51.64}],["Reserves",{"2008-03-31":1164.78,"2016-03-31":3245.97,"2014-03-31":2895.16,"2011-03-31":1641.3,"2015-03-31":3091.51,"2013-03-31":2658.03,"2006-03-31":603.88,"2012-03-31":2246.33,"2017-03-31":3509.45,"2010-03-31":1479.99,"2009-03-31":1302.91,"2007-03-31":694.83}],["Borrowings",{"2008-03-31":305.63,"2016-03-31":2345.94,"2014-03-31":1079.46,"2011-03-31":675.95,"2015-03-31":1681.04,"2013-03-31":967.74,"2006-03-31":82.77,"2012-03-31":617.06,"2017-03-31":2757.48,"2010-03-31":689.99,"2009-03-31":449.48,"2007-03-31":144.18}],["Other Liabilities",{"2008-03-31":354.31,"2016-03-31":1195.1,"2014-03-31":812.41,"2011-03-31":775.76,"2015-03-31":977.85,"2013-03-31":659.06,"2006-03-31":245.32,"2012-03-31":562.01,"2017-03-31":1403.71,"2010-03-31":598.0,"2009-03-31":420.16,"2007-03-31":280.59}],["Total Liabilities",{"2008-03-31":1883.41,"2016-03-31":6856.57,"2014-03-31":4856.59,"2011-03-31":3155.37,"2015-03-31":5819.96,"2013-03-31":4354.39,"2006-03-31":982.57,"2012-03-31":3492.63,"2017-03-31":7740.2,"2010-03-31":2829.76,"2009-03-31":2232.79,"2007-03-31":1171.24}],["Fixed Assets",{"2008-03-31":524.35,"2016-03-31":3060.73,"2014-03-31":1988.7,"2011-03-31":1045.75,"2015-03-31":2427.55,"2013-03-31":1691.51,"2006-03-31":340.2,"2012-03-31":1436.0,"2017-03-31":3666.68,"2010-03-31":924.04,"2009-03-31":662.68,"2007-03-31":402.84}],["CWIP",{"2008-03-31":70.83,"2016-03-31":536.24,"2014-03-31":480.96,"2011-03-31":352.4,"2015-03-31":512.16,"2013-03-31":372.73,"2006-03-31":12.85,"2012-03-31":200.94,"2017-03-31":327.51,"2010-03-31":273.41,"2009-03-31":237.26,"2007-03-31":42.46}],["Investments",{"2008-03-31":706.01,"2016-03-31":877.18,"2014-03-31":690.03,"2011-03-31":624.11,"2015-03-31":713.02,"2013-03-31":896.04,"2006-03-31":273.0,"2012-03-31":764.12,"2017-03-31":1074.59,"2010-03-31":489.79,"2009-03-31":629.28,"2007-03-31":322.96}],["Other Assets",{"2008-03-31":582.22,"2016-03-31":2382.42,"2014-03-31":1696.9,"2011-03-31":1133.11,"2015-03-31":2167.23,"2013-03-31":1394.11,"2006-03-31":356.52,"2012-03-31":1091.57,"2017-03-31":2671.42,"2010-03-31":1142.52,"2009-03-31":703.57,"2007-03-31":402.98}],["Total Assets",{"2008-03-31":1883.41,"2016-03-31":6856.57,"2014-03-31":4856.59,"2011-03-31":3155.37,"2015-03-31":5819.96,"2013-03-31":4354.39,"2006-03-31":982.57,"2012-03-31":3492.63,"2017-03-31":7740.2,"2010-03-31":2829.76,"2009-03-31":2232.79,"2007-03-31":1171.24}]],"annual":[["Sales",{"2008-03-31":1125.39,"2016-03-31":5588.32,"2014-03-31":3861.63,"2011-03-31":2331.96,"2015-03-31":4592.79,"2013-03-31":3317.79,"2006-03-31":707.82,"2012-03-31":2800.07,"2017-03-31":6441.77,"2010-03-31":1825.78,"2009-03-31":1457.98,"2007-03-31":891.01}],["Expenses",{"2008-03-31":949.89,"2016-03-31":4869.88,"2014-03-31":3247.77,"2011-03-31":1954.51,"2015-03-31":3929.41,"2013-03-31":2764.24,"2006-03-31":592.88,"2012-03-31":2335.67,"2017-03-31":5667.76,"2010-03-31":1544.53,"2009-03-31":1241.87,"2007-03-31":749.2}],["Operating Profit",{"2008-03-31":175.5,"2016-03-31":718.44,"2014-03-31":613.86,"2011-03-31":377.45,"2015-03-31":663.38,"2013-03-31":553.55,"2006-03-31":114.94,"2012-03-31":464.4,"2017-03-31":774.01,"2010-03-31":281.25,"2009-03-31":216.11,"2007-03-31":141.81}],["OPM",{"2008-03-31":15.59,"2016-03-31":12.86,"2014-03-31":15.9,"2011-03-31":16.19,"2015-03-31":14.44,"2013-03-31":16.68,"2006-03-31":16.24,"2012-03-31":16.59,"2017-03-31":12.02,"2010-03-31":15.4,"2009-03-31":14.82,"2007-03-31":15.92}],["Other Income",{"2008-03-31":26.25,"2016-03-31":32.72,"2014-03-31":22.46,"2011-03-31":17.6,"2015-03-31":45.27,"2013-03-31":35.57,"2006-03-31":11.23,"2012-03-31":27.85,"2017-03-31":25.89,"2010-03-31":32.97,"2009-03-31":22.37,"2007-03-31":41.04}],["Interest",{"2008-03-31":19.9,"2016-03-31":133.58,"2014-03-31":87.07,"2011-03-31":55.15,"2015-03-31":83.29,"2013-03-31":72.63,"2006-03-31":11.75,"2012-03-31":63.6,"2017-03-31":200.39,"2010-03-31":37.75,"2009-03-31":22.32,"2007-03-31":16.42}],["Depreciation",{"2008-03-31":36.75,"2016-03-31":200.5,"2014-03-31":129.08,"2011-03-31":70.58,"2015-03-31":158.04,"2013-03-31":108.52,"2006-03-31":26.13,"2012-03-31":91.13,"2017-03-31":240.59,"2010-03-31":54.31,"2009-03-31":43.92,"2007-03-31":30.8}],["Profit before tax",{"2008-03-31":145.1,"2016-03-31":417.1,"2014-03-31":420.17,"2011-03-31":269.32,"2015-03-31":467.33,"2013-03-31":407.98,"2006-03-31":88.29,"2012-03-31":337.52,"2017-03-31":358.92,"2010-03-31":222.16,"2009-03-31":172.24,"2007-03-31":135.63}],["Tax",{"2008-03-31":43.35,"2016-03-31":83.15,"2014-03-31":89.45,"2011-03-31":87.6,"2015-03-31":120.74,"2013-03-31":98.88,"2006-03-31":28.07,"2012-03-31":106.53,"2017-03-31":73.77,"2010-03-31":70.2,"2009-03-31":54.17,"2007-03-31":35.56}],["Net Profit",{"2008-03-31":101.75,"2016-03-31":333.95,"2014-03-31":330.72,"2011-03-31":181.72,"2015-03-31":346.6,"2013-03-31":309.11,"2006-03-31":60.22,"2012-03-31":230.99,"2017-03-31":285.15,"2010-03-31":151.96,"2009-03-31":118.07,"2007-03-31":100.07}],["EPS (unadj)",{"2008-03-31":16.32,"2016-03-31":24.0,"2014-03-31":22.79,"2011-03-31":13.96,"2015-03-31":23.74,"2013-03-31":21.28,"2006-03-31":11.27,"2012-03-31":16.53,"2017-03-31":20.5,"2010-03-31":23.43,"2009-03-31":18.47,"2007-03-31":18.62}],["Dividend Payout",{"2008-03-31":34.76,"2016-03-31":25.09,"2014-03-31":24.28,"2011-03-31":25.85,"2015-03-31":23.17,"2013-03-31":24.85,"2006-03-31":38.01,"2012-03-31":23.38,"2017-03-31":29.39,"2010-03-31":28.58,"2009-03-31":33.31,"2007-03-31":25.93}]],"cashflow":[["Cash from Operating Activity",{"2008-03-31":28.9,"2016-03-31":626.24,"2014-03-31":303.08,"2011-03-31":194.99,"2015-03-31":389.06,"2013-03-31":332.56,"2006-03-31":45.9,"2012-03-31":306.17,"2017-03-31":623.51,"2010-03-31":168.93,"2009-03-31":63.05,"2007-03-31":64.64}],["Cash from Investing Activity",{"2008-03-31":-544.06,"2016-03-31":-909.97,"2014-03-31":-309.53,"2011-03-31":-397.89,"2015-03-31":-680.86,"2013-03-31":-631.42,"2006-03-31":-243.0,"2012-03-31":-445.92,"2017-03-31":-817.62,"2010-03-31":-188.18,"2009-03-31":-254.55,"2007-03-31":-80.93}],["Cash from Financing Activity",{"2008-03-31":555.32,"2016-03-31":290.27,"2014-03-31":-40.12,"2011-03-31":58.78,"2015-03-31":332.13,"2013-03-31":367.37,"2006-03-31":211.63,"2012-03-31":185.27,"2017-03-31":211.16,"2010-03-31":240.19,"2009-03-31":151.56,"2007-03-31":44.25}],["Net Cash Flow",{"2008-03-31":40.16,"2016-03-31":6.53,"2014-03-31":-46.57,"2011-03-31":-144.12,"2015-03-31":40.33,"2013-03-31":68.51,"2006-03-31":14.53,"2012-03-31":45.52,"2017-03-31":17.05,"2010-03-31":220.94,"2009-03-31":-39.94,"2007-03-31":27.96}]],"quarters":[["Sales",{"2016-06-30":1465.43,"2016-12-31":1680.61,"2017-03-31":1661.64,"2017-06-30":1684.46,"2015-06-30":1305.73,"2015-03-31":1203.69,"2017-09-30":1851.64,"2015-12-31":1425.0,"2016-03-31":1447.86,"2017-12-31":1896.14,"2016-09-30":1634.1,"2015-09-30":1409.73}],["Expenses",{"2016-06-30":1277.48,"2016-12-31":1486.53,"2017-03-31":1491.58,"2017-06-30":1510.83,"2015-06-30":1128.07,"2015-03-31":1029.19,"2017-09-30":1630.4,"2015-12-31":1264.97,"2016-03-31":1265.71,"2017-12-31":1674.87,"2016-09-30":1412.19,"2015-09-30":1213.52}],["Operating Profit",{"2016-06-30":187.95,"2016-12-31":194.08,"2017-03-31":170.06,"2017-06-30":173.63,"2015-06-30":177.66,"2015-03-31":174.5,"2017-09-30":221.24,"2015-12-31":160.03,"2016-03-31":182.15,"2017-12-31":221.27,"2016-09-30":221.91,"2015-09-30":196.21}],["OPM",{"2016-06-30":12.83,"2016-12-31":11.55,"2017-03-31":10.23,"2017-06-30":10.31,"2015-06-30":13.61,"2015-03-31":14.5,"2017-09-30":11.95,"2015-12-31":11.23,"2016-03-31":12.58,"2017-12-31":11.67,"2016-09-30":13.58,"2015-09-30":13.92}],["Other Income",{"2016-06-30":4.23,"2016-12-31":3.08,"2017-03-31":9.13,"2017-06-30":-3.75,"2015-06-30":5.27,"2015-03-31":5.33,"2017-09-30":2.63,"2015-12-31":66.19,"2016-03-31":9.48,"2017-12-31":7.86,"2016-09-30":9.44,"2015-09-30":0.94}],["Depreciation",{"2016-06-30":55.73,"2016-12-31":61.76,"2017-03-31":62.79,"2017-06-30":64.64,"2015-06-30":48.65,"2015-03-31":40.63,"2017-09-30":66.48,"2015-12-31":53.78,"2016-03-31":48.53,"2017-12-31":67.75,"2016-09-30":60.3,"2015-09-30":49.54}],["Interest",{"2016-06-30":44.38,"2016-12-31":51.33,"2017-03-31":57.8,"2017-06-30":55.46,"2015-06-30":26.86,"2015-03-31":22.56,"2017-09-30":58.75,"2015-12-31":32.03,"2016-03-31":43.83,"2017-12-31":63.54,"2016-09-30":46.88,"2015-09-30":30.85}],["Profit before tax",{"2016-06-30":92.07,"2016-12-31":84.07,"2017-03-31":58.6,"2017-06-30":49.78,"2015-06-30":107.42,"2015-03-31":116.64,"2017-09-30":98.64,"2015-12-31":140.41,"2016-03-31":99.27,"2017-12-31":97.84,"2016-09-30":124.17,"2015-09-30":116.76}],["Tax",{"2016-06-30":19.9,"2016-12-31":11.24,"2017-03-31":10.44,"2017-06-30":14.57,"2015-06-30":19.91,"2015-03-31":39.31,"2017-09-30":27.74,"2015-12-31":18.08,"2016-03-31":17.96,"2017-12-31":30.4,"2016-09-30":32.18,"2015-09-30":27.21}],["Net Profit",{"2016-06-30":72.17,"2016-12-31":72.83,"2017-03-31":48.16,"2017-06-30":35.21,"2015-06-30":87.51,"2015-03-31":77.33,"2017-09-30":70.9,"2015-12-31":122.33,"2016-03-31":81.31,"2017-12-31":67.44,"2016-09-30":91.99,"2015-09-30":89.55}]]},"bse_code":"508869","short_name":"Apollo Hospitals","nse_code":"APOLLOHOSP","companyrating_set":[{"rating__rating":"CRISIL AA(Stable)","instrument":"Cash Credit Limit","rating__source":"crisil","link":"http://www.crisil.com/ratings/company-wise-ratings.jsp?txtSearch=Apollo Hospitals Enterprise Ltd"},{"rating__rating":"FAA+(Stable)","instrument":"Fixed Deposit","rating__source":"crisil","link":"http://www.crisil.com/ratings/company-wise-ratings.jsp?txtSearch=Apollo Hospitals Enterprise Ltd"},{"rating__rating":"CRISIL A1+","instrument":"Letter of Credit Limit","rating__source":"crisil","link":"http://www.crisil.com/ratings/company-wise-ratings.jsp?txtSearch=Apollo Hospitals Enterprise Ltd"},{"rating__rating":"CRISIL AA(Stable)","instrument":"Long Term Bank Loan","rating__source":"crisil","link":"http://www.crisil.com/ratings/company-wise-ratings.jsp?txtSearch=Apollo Hospitals Enterprise Ltd"},{"rating__rating":"CRISIL AA(Stable)","instrument":"Non Convertible Debenture","rating__source":"crisil","link":"http://www.crisil.com/ratings/company-wise-ratings.jsp?txtSearch=Apollo Hospitals Enterprise Ltd"},{"rating__rating":"CRISIL AA(Stable)","instrument":"Proposed Term Loan","rating__source":"crisil","link":"http://www.crisil.com/ratings/company-wise-ratings.jsp?txtSearch=Apollo Hospitals Enterprise Ltd"}],"annualreport_set":[{"source":"bse","report_date":2017,"link":"http://www.bseindia.com/bseplus/AnnualReport/508869/5088690317.pdf"},{"source":"bse","report_date":2016,"link":"http://www.bseindia.com/bseplus/AnnualReport/508869/5088690316.pdf"},{"source":"bse","report_date":2015,"link":"http://www.bseindia.com/bseplus/AnnualReport/508869/5088690315.pdf"},{"source":"bse","report_date":2014,"link":"http://www.bseindia.com/bseplus/AnnualReport/508869/5088690314.pdf"},{"source":"bse","report_date":2013,"link":"http://www.bseindia.com/bseplus/annualreport/508869/5088690313.pdf"},{"source":"bse","report_date":2012,"link":"http://www.bseindia.com/bseplus/annualreport/508869/5088690312.PDF"},{"source":"bse","report_date":2011,"link":"http://www.bseindia.com/bseplus/annualreport/508869/5088690311.pdf"},{"source":"nse","report_date":2011,"link":"http://nseindia.com/annual_reports/AR_APOLLOHOSP_2010_2011_15072011120000.zip"},{"source":"bse","report_date":2010,"link":"http://www.bseindia.com/bseplus/annualreport/508869/508869_2009-10.pdf"},{"source":"nse","report_date":2010,"link":"http://nseindia.com/annual_reports/AR_APOLLOHOSP_2009_2010_18082010121500.zip"}],"announcement_set":[{"ann_date":"06 Apr 2018","announcement":"CERTIFICATE UNDER REGULATION 40(9) OF THE SEBI (LODR) 2015 FOR THE HALF YEAR ENDED 31ST MARCH 2018.","link":"https://www.bseindia.com/corporates/anndet_new.aspx?newsid=d54ae94d-7111-4611-82aa-ce692787a89c"},{"ann_date":"05 Apr 2018","announcement":"Statement Of Investor Complaints For The Quarter Ended March 2018 (Revised)","link":"https://www.bseindia.com/corporates/anndet_new.aspx?newsid=bd8fe73a-5c30-480d-97a0-53ceffd80531"},{"ann_date":"05 Apr 2018","announcement":"Compliance Certificate For The Period 1St October 2017 To 31St March 2018.","link":"https://www.bseindia.com/corporates/anndet_new.aspx?newsid=19ef477e-77d2-4673-bd9b-cef75697e6a4"},{"ann_date":"05 Apr 2018","announcement":"Shareholding for the Period Ended March 31, 2018","link":"https://www.bseindia.com/corporates/anndet_new.aspx?newsid=41c01ca2-a674-4707-ba7a-c545113fbe67"},{"ann_date":"22 Mar 2018","announcement":"Sub : Intimation Regarding Payment Of Principal/Interest In Terms Of Regulation 57(1) Of The SEBI  (Listing Obligations And Disclosure Requirements) Regulations 2015.   Ref : 10.30% - 500 Secured Non-Convertible Redeemable Debentures Of Rs.1 Million          Each - ISIN INE437A07070","link":"https://www.bseindia.com/corporates/anndet_new.aspx?newsid=8ed45d18-42a2-4c15-b5b9-678c508a436a"}],"warehouse_set":{"high_price":1358.0,"low_price":957.15,"sales_growth":13.9,"current_price":1076.3,"dividend_yield":0.56,"face_value":5.0,"id":3260,"sales_growth_3years":18.6,"profit_growth_5years":3.5,"average_return_on_equity_3years":9.87,"book_value":269.74,"status":"Active","pair_url":"/company/APOLLOHOSP/consolidated","sales_growth_10years":21.39,"average_return_on_equity_10years":10.23,"profit_growth":-30.35,"market_capitalization":14973.49,"profit_growth_10years":12.51,"price_to_earning":67.54,"industry":"Healthcare Facilities","analysis":{"remarks":[],"bad":["Promoter holding is low: 34.38%","Company has a low return on equity of 9.87% for last 3 years.","Promoters have pledged 68.27% of their holding"],"good":["Company has been maintaining a healthy dividend payout of 25.67%"]},"result_type":"sa","profit_growth_3years":-4.9,"sales_growth_5years":18.13,"return_on_equity":8.04,"average_return_on_equity_5years":10.53},"id":218,"name":"Apollo Hospitals Enterprise Ltd"}
