{"prime":"sa","number_set":{"balancesheet":[["Share Capital",{"2008-03-31":133.03,"2016-03-31":284.59,"2014-03-31":266.07,"2011-03-31":133.03,"2015-03-31":284.59,"2013-03-31":266.07,"2006-03-31":122.16,"2012-03-31":266.07,"2017-03-31":284.59,"2010-03-31":133.03,"2009-03-31":133.03,"2007-03-31":132.39}],["Reserves",{"2008-03-31":1993.57,"2016-03-31":5122.56,"2014-03-31":3007.89,"2011-03-31":2523.65,"2015-03-31":3812.3,"2013-03-31":2892.39,"2006-03-31":1266.35,"2012-03-31":2632.9,"2017-03-31":5833.41,"2010-03-31":2202.55,"2009-03-31":1976.01,"2007-03-31":1739.23}],["Borrowings",{"2008-03-31":887.5,"2016-03-31":2414.98,"2014-03-31":4690.32,"2011-03-31":2568.27,"2015-03-31":3349.72,"2013-03-31":4355.43,"2006-03-31":691.93,"2012-03-31":3097.89,"2017-03-31":2144.85,"2010-03-31":2280.44,"2009-03-31":1958.14,"2007-03-31":640.4}],["Other Liabilities",{"2008-03-31":2564.1,"2016-03-31":5375.51,"2014-03-31":5061.11,"2011-03-31":5391.8,"2015-03-31":5965.68,"2013-03-31":5643.18,"2006-03-31":1619.76,"2012-03-31":5944.79,"2017-03-31":6150.85,"2010-03-31":4704.54,"2009-03-31":3844.08,"2007-03-31":1993.15}],["Total Liabilities",{"2008-03-31":5578.2,"2016-03-31":13197.64,"2014-03-31":13025.39,"2011-03-31":10616.75,"2015-03-31":13412.29,"2013-03-31":13157.07,"2006-03-31":3700.2,"2012-03-31":11941.65,"2017-03-31":14413.7,"2010-03-31":9320.56,"2009-03-31":7911.26,"2007-03-31":4505.17}],["Fixed Assets",{"2008-03-31":1525.55,"2016-03-31":4791.99,"2014-03-31":5659.87,"2011-03-31":4633.79,"2015-03-31":5255.55,"2013-03-31":5281.88,"2006-03-31":943.27,"2012-03-31":4913.5,"2017-03-31":4970.81,"2010-03-31":4249.56,"2009-03-31":3399.12,"2007-03-31":1307.04}],["CWIP",{"2008-03-31":529.24,"2016-03-31":75.86,"2014-03-31":181.53,"2011-03-31":357.97,"2015-03-31":120.14,"2013-03-31":688.93,"2006-03-31":141.42,"2012-03-31":548.22,"2017-03-31":205.86,"2010-03-31":561.47,"2009-03-31":998.29,"2007-03-31":237.49}],["Investments",{"2008-03-31":609.9,"2016-03-31":1980.44,"2014-03-31":2789.69,"2011-03-31":1230.0,"2015-03-31":2648.83,"2013-03-31":2337.63,"2006-03-31":368.18,"2012-03-31":1534.48,"2017-03-31":2878.86,"2010-03-31":326.15,"2009-03-31":263.56,"2007-03-31":221.09}],["Other Assets",{"2008-03-31":2913.51,"2016-03-31":6349.35,"2014-03-31":4394.3,"2011-03-31":4394.99,"2015-03-31":5387.77,"2013-03-31":4848.63,"2006-03-31":2247.33,"2012-03-31":4945.45,"2017-03-31":6358.17,"2010-03-31":4183.38,"2009-03-31":3250.29,"2007-03-31":2739.55}],["Total Assets",{"2008-03-31":5578.2,"2016-03-31":13197.64,"2014-03-31":13025.39,"2011-03-31":10616.75,"2015-03-31":13412.29,"2013-03-31":13157.07,"2006-03-31":3700.2,"2012-03-31":11941.65,"2017-03-31":14413.7,"2010-03-31":9320.56,"2009-03-31":7911.26,"2007-03-31":4505.17}]],"annual":[["Sales",{"2008-03-31":7742.58,"2016-03-31":18937.3,"2014-03-31":10300.89,"2011-03-31":11177.11,"2015-03-31":13562.18,"2013-03-31":12481.2,"2006-03-31":5247.66,"2012-03-31":12904.33,"2017-03-31":20018.66,"2010-03-31":7244.71,"2009-03-31":5981.07,"2007-03-31":7168.18}],["Expenses",{"2008-03-31":6935.61,"2016-03-31":17306.45,"2014-03-31":10260.09,"2011-03-31":9987.47,"2015-03-31":12806.35,"2013-03-31":11669.94,"2006-03-31":4716.45,"2012-03-31":11831.9,"2017-03-31":18336.17,"2010-03-31":6500.4,"2009-03-31":5533.32,"2007-03-31":6495.95}],["Operating Profit",{"2008-03-31":806.97,"2016-03-31":1630.85,"2014-03-31":40.8,"2011-03-31":1189.64,"2015-03-31":755.83,"2013-03-31":811.26,"2006-03-31":531.21,"2012-03-31":1072.43,"2017-03-31":1682.49,"2010-03-31":744.31,"2009-03-31":447.75,"2007-03-31":672.23}],["OPM",{"2008-03-31":10.42,"2016-03-31":8.61,"2014-03-31":0.4,"2011-03-31":10.64,"2015-03-31":5.57,"2013-03-31":6.5,"2006-03-31":10.12,"2012-03-31":8.31,"2017-03-31":8.4,"2010-03-31":10.27,"2009-03-31":7.49,"2007-03-31":9.38}],["Other Income",{"2008-03-31":84.18,"2016-03-31":-73.21,"2014-03-31":678.18,"2011-03-31":44.45,"2015-03-31":492.58,"2013-03-31":396.9,"2006-03-31":87.34,"2012-03-31":200.51,"2017-03-31":251.77,"2010-03-31":91.17,"2009-03-31":91.23,"2007-03-31":111.56}],["Interest",{"2008-03-31":76.31,"2016-03-31":247.64,"2014-03-31":452.92,"2011-03-31":188.92,"2015-03-31":393.51,"2013-03-31":376.89,"2006-03-31":40.65,"2012-03-31":255.25,"2017-03-31":155.38,"2010-03-31":101.85,"2009-03-31":160.32,"2007-03-31":28.84}],["Depreciation",{"2008-03-31":177.36,"2016-03-31":487.9,"2014-03-31":377.04,"2011-03-31":267.43,"2015-03-31":416.34,"2013-03-31":380.78,"2006-03-31":126.01,"2012-03-31":352.81,"2017-03-31":517.89,"2010-03-31":204.11,"2009-03-31":178.41,"2007-03-31":150.57}],["Profit before tax",{"2008-03-31":638.15,"2016-03-31":826.54,"2014-03-31":-91.22,"2011-03-31":801.8,"2015-03-31":442.19,"2013-03-31":470.71,"2006-03-31":452.3,"2012-03-31":689.98,"2017-03-31":1330.09,"2010-03-31":544.77,"2009-03-31":208.45,"2007-03-31":604.51}],["Tax",{"2008-03-31":168.84,"2016-03-31":436.94,"2014-03-31":-120.6,"2011-03-31":170.5,"2015-03-31":107.39,"2013-03-31":37.0,"2006-03-31":124.98,"2012-03-31":124.0,"2017-03-31":107.01,"2010-03-31":121.1,"2009-03-31":18.45,"2007-03-31":163.22}],["Net Profit",{"2008-03-31":469.31,"2016-03-31":389.6,"2014-03-31":29.38,"2011-03-31":631.3,"2015-03-31":334.81,"2013-03-31":433.71,"2006-03-31":327.32,"2012-03-31":565.98,"2017-03-31":1223.08,"2010-03-31":423.67,"2009-03-31":190.0,"2007-03-31":441.29}],["EPS (unadj)",{"2008-03-31":3.27,"2016-03-31":1.37,"2014-03-31":0.11,"2011-03-31":4.42,"2015-03-31":1.08,"2013-03-31":1.53,"2006-03-31":2.5,"2012-03-31":1.96,"2017-03-31":4.3,"2010-03-31":2.94,"2009-03-31":1.26,"2007-03-31":3.12}],["Dividend Payout",{"2008-03-31":42.53,"2016-03-31":69.4,"2014-03-31":0.0,"2011-03-31":42.15,"2015-03-31":38.25,"2013-03-31":36.81,"2006-03-31":44.79,"2012-03-31":47.01,"2017-03-31":36.3,"2010-03-31":47.11,"2009-03-31":70.03,"2007-03-31":45.01}]],"cashflow":[["Cash from Operating Activity",{"2008-03-31":1065.69,"2016-03-31":1682.98,"2014-03-31":556.43,"2011-03-31":591.38,"2015-03-31":1776.7,"2013-03-31":728.3,"2006-03-31":322.02,"2012-03-31":1147.31,"2017-03-31":2154.77,"2010-03-31":1090.06,"2009-03-31":-525.58,"2007-03-31":499.95}],["Cash from Investing Activity",{"2008-03-31":-809.68,"2016-03-31":364.18,"2014-03-31":-110.54,"2011-03-31":-917.73,"2015-03-31":102.79,"2013-03-31":-1164.93,"2006-03-31":-133.59,"2012-03-31":-1054.1,"2017-03-31":-1477.04,"2010-03-31":-783.17,"2009-03-31":-664.18,"2007-03-31":-722.2}],["Cash from Financing Activity",{"2008-03-31":364.52,"2016-03-31":-1210.67,"2014-03-31":-448.64,"2011-03-31":-13.63,"2015-03-31":-1179.17,"2013-03-31":416.98,"2006-03-31":-257.6,"2012-03-31":-241.12,"2017-03-31":-1371.85,"2010-03-31":123.31,"2009-03-31":459.18,"2007-03-31":-290.84}],["Net Cash Flow",{"2008-03-31":620.53,"2016-03-31":836.48,"2014-03-31":-2.75,"2011-03-31":-339.98,"2015-03-31":700.33,"2013-03-31":-19.65,"2006-03-31":-69.17,"2012-03-31":-147.91,"2017-03-31":-694.12,"2010-03-31":430.2,"2009-03-31":-730.58,"2007-03-31":-513.09}]],"quarters":[["Sales",{"2016-06-30":4258.84,"2016-12-31":4516.29,"2017-03-31":6617.89,"2017-06-30":4237.78,"2015-06-30":3883.13,"2015-03-31":4505.7,"2017-09-30":6046.89,"2015-12-31":4113.84,"2016-03-31":5973.16,"2017-12-31":7113.16,"2016-09-30":4622.41,"2015-09-30":4967.18}],["Expenses",{"2016-06-30":3776.81,"2016-12-31":4125.88,"2017-03-31":6238.83,"2017-06-30":3946.95,"2015-06-30":3490.63,"2015-03-31":4272.8,"2017-09-30":5437.74,"2015-12-31":3669.58,"2016-03-31":5842.87,"2017-12-31":6324.93,"2016-09-30":4085.92,"2015-09-30":4500.16}],["Operating Profit",{"2016-06-30":482.03,"2016-12-31":390.41,"2017-03-31":379.06,"2017-06-30":290.83,"2015-06-30":392.5,"2015-03-31":232.9,"2017-09-30":609.15,"2015-12-31":444.26,"2016-03-31":130.29,"2017-12-31":788.23,"2016-09-30":536.49,"2015-09-30":467.02}],["OPM",{"2016-06-30":11.32,"2016-12-31":8.64,"2017-03-31":5.73,"2017-06-30":6.86,"2015-06-30":10.11,"2015-03-31":5.17,"2017-09-30":10.07,"2015-12-31":10.8,"2016-03-31":2.18,"2017-12-31":11.08,"2016-09-30":11.61,"2015-09-30":9.4}],["Other Income",{"2016-06-30":88.19,"2016-12-31":25.78,"2017-03-31":63.23,"2017-06-30":38.41,"2015-06-30":7.83,"2015-03-31":253.4,"2017-09-30":55.66,"2015-12-31":28.08,"2016-03-31":54.6,"2017-12-31":37.97,"2016-09-30":38.18,"2015-09-30":37.49}],["Depreciation",{"2016-06-30":120.97,"2016-12-31":131.34,"2017-03-31":139.48,"2017-06-30":132.13,"2015-06-30":113.77,"2015-03-31":110.08,"2017-09-30":141.14,"2015-12-31":119.42,"2016-03-31":131.6,"2017-12-31":135.04,"2016-09-30":126.11,"2015-09-30":123.11}],["Interest",{"2016-06-30":33.82,"2016-12-31":45.33,"2017-03-31":42.3,"2017-06-30":36.63,"2015-06-30":70.12,"2015-03-31":88.21,"2017-09-30":41.02,"2015-12-31":60.32,"2016-03-31":54.15,"2017-12-31":33.53,"2016-09-30":33.92,"2015-09-30":63.05}],["Profit before tax",{"2016-06-30":415.43,"2016-12-31":239.52,"2017-03-31":260.5,"2017-06-30":160.48,"2015-06-30":216.45,"2015-03-31":288.02,"2017-09-30":482.65,"2015-12-31":292.6,"2016-03-31":-0.86,"2017-12-31":657.63,"2016-09-30":414.64,"2015-09-30":318.35}],["Tax",{"2016-06-30":124.64,"2016-12-31":77.8,"2017-03-31":-215.66,"2017-06-30":49.24,"2015-06-30":71.95,"2015-03-31":58.04,"2017-09-30":148.4,"2015-12-31":78.89,"2016-03-31":139.96,"2017-12-31":207.92,"2016-09-30":120.23,"2015-09-30":146.14}],["Net Profit",{"2016-06-30":290.78,"2016-12-31":161.72,"2017-03-31":476.17,"2017-06-30":111.24,"2015-06-30":144.5,"2015-03-31":229.97,"2017-09-30":334.26,"2015-12-31":213.7,"2016-03-31":-140.81,"2017-12-31":449.71,"2016-09-30":294.41,"2015-09-30":172.21}]]},"bse_code":"500477","short_name":"Ashok Leyland","nse_code":"ASHOKLEY","companyrating_set":[{"rating__rating":"CARE A+ / CARE A1+","instrument":"Bank FacilitiesFund Based - LT/ ST","rating__source":"care","link":"http://google.com/search?btnI=1&q=Ashok Leyland Ltd+site:careratings.com"},{"rating__rating":"[ICRA]A+ (stable)","instrument":"Bank Loan Rating-Long Term","rating__source":"icra","link":"http://icra.in/search.aspx?word=Ashok Leyland Ltd"},{"rating__rating":"[ICRA]A1+","instrument":"Bank Loan Rating-Short Term","rating__source":"icra","link":"http://icra.in/search.aspx?word=Ashok Leyland Ltd"},{"rating__rating":"[ICRA]A+ (stable)","instrument":"Corporate Debt Rating-Long Term","rating__source":"icra","link":"http://icra.in/search.aspx?word=Ashok Leyland Ltd"},{"rating__rating":"[ICRA]A1+","instrument":"Corporate Debt Rating-Short Term","rating__source":"icra","link":"http://icra.in/search.aspx?word=Ashok Leyland Ltd"},{"rating__rating":"CARE A1+","instrument":"ST InstrumentsCP","rating__source":"care","link":"http://google.com/search?btnI=1&q=Ashok Leyland Ltd+site:careratings.com"}],"annualreport_set":[{"source":"bse","report_date":2017,"link":"http://www.bseindia.com/bseplus/AnnualReport/500477/5004770317.pdf"},{"source":"bse","report_date":2016,"link":"http://www.bseindia.com/bseplus/AnnualReport/500477/5004770316.pdf"},{"source":"bse","report_date":2015,"link":"http://www.bseindia.com/bseplus/AnnualReport/500477/5004770315.pdf"},{"source":"bse","report_date":2014,"link":"http://www.bseindia.com/bseplus/AnnualReport/500477/5004770314.pdf"},{"source":"bse","report_date":2013,"link":"http://www.bseindia.com/bseplus/annualreport/500477/5004770313.pdf"},{"source":"bse","report_date":2012,"link":"http://www.bseindia.com/bseplus/annualreport/500477/5004770312.PDF"},{"source":"bse","report_date":2011,"link":"http://www.bseindia.com/bseplus/annualreport/500477/5004770311.pdf"},{"source":"bse","report_date":2010,"link":"http://www.bseindia.com/bseplus/annualreport/500477/500477_2009-10.pdf"},{"source":"nse","report_date":2010,"link":"http://nseindia.com/annual_reports/AR_ASHOKLEY_2009_2010_18082010121500.zip"}],"announcement_set":[{"ann_date":"06 Apr 2018","announcement":"Compliance Certificate In Terms Of Regulation 40(9 & 10) Of SEBI (Listing Obligations And Disclosure Requirements) Regulations, 2015","link":"https://www.bseindia.com/corporates/anndet_new.aspx?newsid=111d174e-93c1-4f10-987b-7a262baf6c51"},{"ann_date":"05 Apr 2018","announcement":"Statement Of Investor Complaints For The Quarter Ended March 2018","link":"https://www.bseindia.com/corporates/anndet_new.aspx?newsid=4c0f4fa8-1a1e-479a-a81c-ece202a8ab29"},{"ann_date":"05 Apr 2018","announcement":"Compliance Certificate For The Half Year Ended March 31, 2018","link":"https://www.bseindia.com/corporates/anndet_new.aspx?newsid=fab20ad1-1a3f-46fc-94d0-5524c55be281"},{"ann_date":"02 Apr 2018","announcement":"Announcement under Regulation 30 (LODR)-Monthly Business Updates","link":"https://www.bseindia.com/corporates/anndet_new.aspx?newsid=0dba4382-8e96-4051-8b03-78d0e4e8a275"},{"ann_date":"30 Mar 2018","announcement":"Announcement under Regulation 30 (LODR)-Credit Rating","link":"https://www.bseindia.com/corporates/anndet_new.aspx?newsid=835257d2-7a5b-4b1a-9e02-4eef859465a8"}],"warehouse_set":{"high_price":151.65,"low_price":81.05,"sales_growth":23.98,"current_price":146.45,"dividend_yield":1.04,"face_value":1.0,"id":1,"sales_growth_3years":24.79,"profit_growth_5years":17.68,"average_return_on_equity_3years":16.07,"book_value":23.96,"status":"Active","pair_url":"/company/ASHOKLEY/consolidated","sales_growth_10years":11.13,"average_return_on_equity_10years":13.3,"profit_growth":126.26,"market_capitalization":42867.44,"profit_growth_10years":12.19,"price_to_earning":24.78,"industry":"Commercial Vehicles","analysis":{"remarks":["Some businesses are provided tax benefits to encourage their development"],"bad":["Promoter's stake has decreased","Though the company is reporting regular profits, it is not paying out tax"],"good":["Company has been maintaining a healthy dividend payout of 43.26%"]},"result_type":"sa","sales_growth_5years":9.18,"return_on_equity":22.02,"average_return_on_equity_5years":9.91},"id":281,"name":"Ashok Leyland Ltd"}
