{"prime":"con","number_set":{"balancesheet":[["Share Capital",{"2008-03-31":95.92,"2016-03-31":95.92,"2014-03-31":95.92,"2011-03-31":95.92,"2015-03-31":95.92,"2013-03-31":95.92,"2006-03-31":95.92,"2012-03-31":95.92,"2017-03-31":95.92,"2010-03-31":95.92,"2009-03-31":95.92,"2007-03-31":95.92}],["Reserves",{"2008-03-31":832.58,"2016-03-31":5829.81,"2014-03-31":3505.01,"2011-03-31":1879.4,"2015-03-31":4134.34,"2013-03-31":2926.34,"2006-03-31":526.36,"2012-03-31":2391.86,"2017-03-31":6855.06,"2010-03-31":1461.3,"2009-03-31":998.55,"2007-03-31":648.16}],["Borrowings",{"2008-03-31":94.7,"2016-03-31":35.71,"2014-03-31":47.69,"2011-03-31":73.62,"2015-03-31":39.57,"2013-03-31":54.1,"2006-03-31":91.08,"2012-03-31":168.22,"2017-03-31":39.19,"2010-03-31":68.59,"2009-03-31":74.53,"2007-03-31":125.67}],["Other Liabilities",{"2008-03-31":999.32,"2016-03-31":2817.82,"2014-03-31":3102.09,"2011-03-31":1833.5,"2015-03-31":3053.83,"2013-03-31":2599.46,"2006-03-31":577.91,"2012-03-31":2165.39,"2017-03-31":3284.52,"2010-03-31":1530.91,"2009-03-31":1025.99,"2007-03-31":685.1}],["Total Liabilities",{"2008-03-31":2022.52,"2016-03-31":8779.26,"2014-03-31":6750.71,"2011-03-31":3882.44,"2015-03-31":7323.66,"2013-03-31":5675.82,"2006-03-31":1291.27,"2012-03-31":4821.39,"2017-03-31":10274.69,"2010-03-31":3156.72,"2009-03-31":2194.99,"2007-03-31":1554.85}],["Fixed Assets",{"2008-03-31":428.83,"2016-03-31":2628.99,"2014-03-31":2012.2,"2011-03-31":1057.19,"2015-03-31":1965.49,"2013-03-31":2101.89,"2006-03-31":300.43,"2012-03-31":1009.04,"2017-03-31":2604.68,"2010-03-31":707.46,"2009-03-31":622.91,"2007-03-31":334.91}],["CWIP",{"2008-03-31":110.39,"2016-03-31":92.79,"2014-03-31":37.95,"2011-03-31":39.67,"2015-03-31":139.54,"2013-03-31":52.55,"2006-03-31":23.34,"2012-03-31":602.84,"2017-03-31":219.76,"2010-03-31":380.72,"2009-03-31":88.86,"2007-03-31":11.62}],["Investments",{"2008-03-31":422.88,"2016-03-31":2796.64,"2014-03-31":1671.15,"2011-03-31":547.83,"2015-03-31":1893.78,"2013-03-31":464.7,"2006-03-31":274.55,"2012-03-31":542.22,"2017-03-31":2769.95,"2010-03-31":703.69,"2009-03-31":234.77,"2007-03-31":334.39}],["Other Assets",{"2008-03-31":1060.42,"2016-03-31":3260.84,"2014-03-31":3029.41,"2011-03-31":2237.75,"2015-03-31":3324.85,"2013-03-31":3056.68,"2006-03-31":692.95,"2012-03-31":2667.29,"2017-03-31":4680.3,"2010-03-31":1364.85,"2009-03-31":1248.45,"2007-03-31":873.93}],["Total Assets",{"2008-03-31":2022.52,"2016-03-31":8779.26,"2014-03-31":6750.71,"2011-03-31":3882.44,"2015-03-31":7323.66,"2013-03-31":5675.82,"2006-03-31":1291.27,"2012-03-31":4821.39,"2017-03-31":10274.69,"2010-03-31":3156.72,"2009-03-31":2194.99,"2007-03-31":1554.85}]],"annual":[["Sales",{"2008-03-31":3419.06,"2016-03-31":11830.33,"2014-03-31":10925.22,"2011-03-31":6336.08,"2015-03-31":11648.83,"2013-03-31":8960.07,"2006-03-31":2319.16,"2012-03-31":7924.7,"2017-03-31":12647.11,"2010-03-31":5125.08,"2009-03-31":4270.05,"2007-03-31":2821.29}],["Expenses",{"2008-03-31":2858.9,"2016-03-31":9415.15,"2014-03-31":9155.02,"2011-03-31":5177.83,"2015-03-31":9661.85,"2013-03-31":7409.4,"2006-03-31":1997.54,"2012-03-31":6572.46,"2017-03-31":9972.23,"2010-03-31":4109.88,"2009-03-31":3711.12,"2007-03-31":2395.36}],["Operating Profit",{"2008-03-31":560.16,"2016-03-31":2415.18,"2014-03-31":1770.2,"2011-03-31":1158.25,"2015-03-31":1986.98,"2013-03-31":1550.67,"2006-03-31":321.62,"2012-03-31":1352.24,"2017-03-31":2674.88,"2010-03-31":1015.2,"2009-03-31":558.93,"2007-03-31":425.93}],["OPM",{"2008-03-31":16.38,"2016-03-31":20.42,"2014-03-31":16.2,"2011-03-31":18.28,"2015-03-31":17.06,"2013-03-31":17.31,"2006-03-31":13.87,"2012-03-31":17.06,"2017-03-31":21.15,"2010-03-31":19.81,"2009-03-31":13.09,"2007-03-31":15.1}],["Other Income",{"2008-03-31":60.23,"2016-03-31":249.43,"2014-03-31":173.66,"2011-03-31":74.9,"2015-03-31":200.86,"2013-03-31":126.12,"2006-03-31":35.93,"2012-03-31":141.49,"2017-03-31":300.9,"2010-03-31":169.31,"2009-03-31":60.06,"2007-03-31":42.57}],["Interest",{"2008-03-31":13.46,"2016-03-31":27.0,"2014-03-31":28.97,"2011-03-31":16.34,"2015-03-31":31.16,"2013-03-31":33.93,"2006-03-31":8.16,"2012-03-31":31.31,"2017-03-31":22.3,"2010-03-31":19.1,"2009-03-31":15.91,"2007-03-31":11.92}],["Depreciation",{"2008-03-31":43.77,"2016-03-31":234.51,"2014-03-31":212.32,"2011-03-31":94.48,"2015-03-31":223.11,"2013-03-31":126.98,"2006-03-31":45.53,"2012-03-31":99.49,"2017-03-31":295.43,"2010-03-31":60.74,"2009-03-31":57.15,"2007-03-31":44.54}],["Profit before tax",{"2008-03-31":563.16,"2016-03-31":2403.1,"2014-03-31":1702.57,"2011-03-31":1122.33,"2015-03-31":1933.57,"2013-03-31":1515.88,"2006-03-31":303.86,"2012-03-31":1362.93,"2017-03-31":2658.05,"2010-03-31":1104.67,"2009-03-31":545.93,"2007-03-31":412.04}],["Tax",{"2008-03-31":187.96,"2016-03-31":780.29,"2014-03-31":533.51,"2011-03-31":347.18,"2015-03-31":606.17,"2013-03-31":465.88,"2006-03-31":117.08,"2012-03-31":404.54,"2017-03-31":854.95,"2010-03-31":330.17,"2009-03-31":183.57,"2007-03-31":139.99}],["Net Profit",{"2008-03-31":375.2,"2016-03-31":1622.81,"2014-03-31":1169.06,"2011-03-31":775.15,"2015-03-31":1327.4,"2013-03-31":1050.0,"2006-03-31":186.78,"2012-03-31":958.39,"2017-03-31":1803.1,"2010-03-31":774.5,"2009-03-31":362.36,"2007-03-31":272.05}],["EPS (unadj)",{"2008-03-31":36.23,"2016-03-31":16.48,"2014-03-31":11.33,"2011-03-31":75.59,"2015-03-31":12.66,"2013-03-31":101.72,"2006-03-31":17.72,"2012-03-31":93.43,"2017-03-31":18.26,"2010-03-31":76.23,"2009-03-31":34.8,"2007-03-31":26.51}],["Dividend Payout",{"2008-03-31":43.46,"2016-03-31":44.33,"2014-03-31":43.49,"2011-03-31":39.6,"2015-03-31":44.08,"2013-03-31":42.02,"2006-03-31":64.19,"2012-03-31":40.03,"2017-03-31":54.79,"2010-03-31":33.44,"2009-03-31":46.32,"2007-03-31":45.84}]],"cashflow":[["Cash from Operating Activity",{"2008-03-31":457.29,"2016-03-31":1979.67,"2014-03-31":1370.89,"2011-03-31":743.25,"2015-03-31":1143.6,"2013-03-31":1081.12,"2006-03-31":218.69,"2012-03-31":880.7,"2017-03-31":1411.6,"2010-03-31":848.22,"2009-03-31":325.21,"2007-03-31":312.25}],["Cash from Investing Activity",{"2008-03-31":-331.91,"2016-03-31":-862.78,"2014-03-31":-617.73,"2011-03-31":-410.25,"2015-03-31":-292.27,"2013-03-31":-439.87,"2006-03-31":-105.97,"2012-03-31":-591.68,"2017-03-31":-591.51,"2010-03-31":-242.13,"2009-03-31":-214.35,"2007-03-31":-110.93}],["Cash from Financing Activity",{"2008-03-31":-126.52,"2016-03-31":-704.25,"2014-03-31":-559.65,"2011-03-31":-319.54,"2015-03-31":-727.67,"2013-03-31":-590.65,"2006-03-31":-110.06,"2012-03-31":-297.06,"2017-03-31":-940.25,"2010-03-31":-238.8,"2009-03-31":-221.61,"2007-03-31":-187.22}],["Net Cash Flow",{"2008-03-31":-1.14,"2016-03-31":412.64,"2014-03-31":193.51,"2011-03-31":13.46,"2015-03-31":123.66,"2013-03-31":50.6,"2006-03-31":2.66,"2012-03-31":-8.04,"2017-03-31":-120.16,"2010-03-31":367.29,"2009-03-31":-110.75,"2007-03-31":14.1}]],"quarters":[["Sales",{"2016-06-30":2983.74,"2016-12-31":3241.08,"2017-03-31":3320.28,"2017-06-30":3202.88,"2015-06-30":2742.86,"2015-03-31":2886.97,"2017-09-30":3602.2,"2015-12-31":3218.51,"2016-03-31":3034.56,"2017-12-31":3587.43,"2016-09-30":3102.01,"2015-09-30":2834.4}],["Expenses",{"2016-06-30":2253.61,"2016-12-31":2570.15,"2017-03-31":2681.15,"2017-06-30":2605.8,"2015-06-30":2134.04,"2015-03-31":2386.24,"2017-09-30":2882.11,"2015-12-31":2570.65,"2016-03-31":2416.61,"2017-12-31":2769.33,"2016-09-30":2470.76,"2015-09-30":2297.45}],["Operating Profit",{"2016-06-30":730.13,"2016-12-31":670.93,"2017-03-31":639.13,"2017-06-30":597.08,"2015-06-30":608.82,"2015-03-31":500.73,"2017-09-30":720.09,"2015-12-31":647.86,"2016-03-31":617.95,"2017-12-31":818.1,"2016-09-30":631.25,"2015-09-30":536.95}],["OPM",{"2016-06-30":24.47,"2016-12-31":20.7,"2017-03-31":19.25,"2017-06-30":18.64,"2015-06-30":22.2,"2015-03-31":17.34,"2017-09-30":19.99,"2015-12-31":20.13,"2016-03-31":20.36,"2017-12-31":22.8,"2016-09-30":20.35,"2015-09-30":18.94}],["Other Income",{"2016-06-30":78.77,"2016-12-31":52.37,"2017-03-31":84.99,"2017-06-30":86.14,"2015-06-30":67.09,"2015-03-31":61.02,"2017-09-30":63.84,"2015-12-31":55.58,"2016-03-31":60.47,"2017-12-31":68.36,"2016-09-30":84.77,"2015-09-30":66.29}],["Depreciation",{"2016-06-30":74.02,"2016-12-31":74.56,"2017-03-31":73.78,"2017-06-30":75.75,"2015-06-30":56.63,"2015-03-31":55.51,"2017-09-30":77.15,"2015-12-31":59.14,"2016-03-31":61.33,"2017-12-31":78.14,"2016-09-30":73.07,"2015-09-30":57.41}],["Interest",{"2016-06-30":4.18,"2016-12-31":4.59,"2017-03-31":5.69,"2017-06-30":4.29,"2015-06-30":2.79,"2015-03-31":8.6,"2017-09-30":4.97,"2015-12-31":5.79,"2016-03-31":10.3,"2017-12-31":5.2,"2016-09-30":4.4,"2015-09-30":4.52}],["Profit before tax",{"2016-06-30":730.7,"2016-12-31":644.15,"2017-03-31":644.65,"2017-06-30":603.18,"2015-06-30":616.49,"2015-03-31":497.64,"2017-09-30":701.81,"2015-12-31":638.51,"2016-03-31":606.79,"2017-12-31":803.12,"2016-09-30":638.55,"2015-09-30":541.31}],["Tax",{"2016-06-30":229.52,"2016-12-31":218.32,"2017-03-31":203.83,"2017-06-30":202.23,"2015-06-30":188.95,"2015-03-31":157.82,"2017-09-30":228.36,"2015-12-31":214.94,"2016-03-31":205.84,"2017-12-31":274.15,"2016-09-30":203.28,"2015-09-30":170.56}],["Net Profit",{"2016-06-30":501.18,"2016-12-31":425.83,"2017-03-31":440.82,"2017-06-30":400.95,"2015-06-30":427.54,"2015-03-31":339.82,"2017-09-30":473.45,"2015-12-31":423.57,"2016-03-31":400.95,"2017-12-31":528.97,"2016-09-30":435.27,"2015-09-30":370.75}]]},"bse_code":"500820","short_name":"Asian Paints","nse_code":"ASIANPAINT","companyrating_set":[{"rating__rating":"CRISIL A1+","instrument":"Bill Purchase-Discounting Facility","rating__source":"crisil","link":"http://www.crisil.com/ratings/company-wise-ratings.jsp?txtSearch=Asian Paints Ltd"},{"rating__rating":"CRISIL AAA(Stable)","instrument":"Cash Credit & Working Capital demand loan","rating__source":"crisil","link":"http://www.crisil.com/ratings/company-wise-ratings.jsp?txtSearch=Asian Paints Ltd"},{"rating__rating":"CRISIL A1+","instrument":"Letter of Credit and Bank Guarantee","rating__source":"crisil","link":"http://www.crisil.com/ratings/company-wise-ratings.jsp?txtSearch=Asian Paints Ltd"},{"rating__rating":"CRISIL A1+","instrument":"Letter of Credit Limit","rating__source":"crisil","link":"http://www.crisil.com/ratings/company-wise-ratings.jsp?txtSearch=Asian Paints Ltd"},{"rating__rating":"CRISIL AAA(Stable)","instrument":"Non Convertible Debenture","rating__source":"crisil","link":"http://www.crisil.com/ratings/company-wise-ratings.jsp?txtSearch=Asian Paints Ltd"},{"rating__rating":"CRISIL AAA(Stable)","instrument":"Proposed Long-Term Bank Facility","rating__source":"crisil","link":"http://www.crisil.com/ratings/company-wise-ratings.jsp?txtSearch=Asian Paints Ltd"},{"rating__rating":"CRISIL A1+","instrument":"Short Term Debt","rating__source":"crisil","link":"http://www.crisil.com/ratings/company-wise-ratings.jsp?txtSearch=Asian Paints Ltd"}],"annualreport_set":[{"source":"bse","report_date":2017,"link":"http://www.bseindia.com/bseplus/AnnualReport/500820/5008200317.pdf"},{"source":"bse","report_date":2016,"link":"http://www.bseindia.com/bseplus/AnnualReport/500820/5008200316.pdf"},{"source":"bse","report_date":2015,"link":"http://www.bseindia.com/bseplus/AnnualReport/500820/5008200315.pdf"},{"source":"bse","report_date":2014,"link":"http://www.bseindia.com/bseplus/AnnualReport/500820/5008200314.pdf"},{"source":"bse","report_date":2013,"link":"http://www.bseindia.com/bseplus/annualreport/500820/5008200313.pdf"},{"source":"nse","report_date":2012,"link":"http://nseindia.com/annual_reports/AR_ASIANPAINT_2011_2012_12062012100812.zip"},{"source":"bse","report_date":2011,"link":"http://www.bseindia.com/bseplus/annualreport/500820/5008200311.pdf"},{"source":"nse","report_date":2011,"link":"http://nseindia.com/annual_reports/AR_ASIANPAINT_2010_2011_15072011112526.zip"},{"source":"bse","report_date":2010,"link":"http://www.bseindia.com/bseplus/annualreport/500820/5008200310.pdf"},{"source":"nse","report_date":2010,"link":"http://nseindia.com/annual_reports/AR_ASIANPAINT_2009_2010_20082010120000.zip"},{"source":"nse","report_date":2009,"link":"http://nseindia.com/annual_reports/AR_ASIANPAINT_2008_2009_17082009113043.zip"},{"source":"nse","report_date":2009,"link":"http://nseindia.com/annual_reports/AR_ASIANPAINT_2008_2009_14082009123043.zip"}],"announcement_set":[{"ann_date":"14 Mar 2018","announcement":"Board Meeting-Closure of Trading Window","link":"https://www.bseindia.com/corporates/anndet_new.aspx?newsid=1cab34b4-43b5-411d-8d94-569f0d9fda3f"},{"ann_date":"16 Feb 2018","announcement":"Announcement under Regulation 30 (LODR)-Analyst / Investor Meet - Intimation","link":"https://www.bseindia.com/corporates/anndet_new.aspx?newsid=b999d2cf-7cb3-41e7-8c23-4c9601288ec8"},{"ann_date":"05 Feb 2018","announcement":"Analyst / Investor Meet - Intimation","link":"http://www.bseindia.com/corporates/anndet_new.aspx?newsid=8ce8e44d-3456-43ac-b1e8-84793399b7ff"},{"ann_date":"24 Jan 2018","announcement":"Updates","link":"http://www.bseindia.com/corporates/anndet_new.aspx?newsid=96d59260-5479-436a-a66f-8e49a5acc7ad"},{"ann_date":"23 Jan 2018","announcement":"Updates","link":"http://www.bseindia.com/corporates/anndet_new.aspx?newsid=5f724e8c-05ef-4f2b-9508-f74c10a690d4"}],"warehouse_set":{"high_price":1262.0,"low_price":1033.7,"sales_growth":10.93,"current_price":1143.5,"dividend_yield":0.9,"face_value":1.0,"id":489,"sales_growth_3years":5.0,"profit_growth_5years":13.89,"average_return_on_equity_3years":30.61,"book_value":87.1,"status":"Active","pair_url":"/company/ASIANPAINT/consolidated","sales_growth_10years":15.64,"average_return_on_equity_10years":34.39,"profit_growth":4.59,"market_capitalization":109684.27,"profit_growth_10years":18.98,"price_to_earning":59.48,"industry":"Furniture-Furnishing-Paints","analysis":{"remarks":[],"bad":["Stock is trading at 13.13 times its book value","The company has delivered a poor growth of 9.80% over past five years."],"good":["Company is virtually debt free.","Company has a good return on equity (ROE) track record: 3 Years ROE 30.61%","Company has been maintaining a healthy dividend payout of 48.23%"]},"result_type":"sa","profit_growth_3years":16.47,"sales_growth_5years":9.8,"return_on_equity":27.83,"average_return_on_equity_5years":32.02},"id":295,"name":"Asian Paints Ltd"}
