{"prime":"con","number_set":{"balancesheet":[["Share Capital",{"2008-03-31":26.88,"2016-03-31":58.52,"2014-03-31":29.15,"2011-03-31":29.11,"2015-03-31":29.2,"2013-03-31":29.12,"2006-03-31":26.63,"2012-03-31":29.11,"2017-03-31":58.59,"2010-03-31":27.86,"2009-03-31":26.88,"2007-03-31":26.67}],["Reserves",{"2008-03-31":1193.72,"2016-03-31":6807.33,"2014-03-31":3983.24,"2011-03-31":2540.5,"2015-03-31":5330.34,"2013-03-31":2909.99,"2006-03-31":878.78,"2012-03-31":2464.06,"2017-03-31":8377.59,"2010-03-31":1886.5,"2009-03-31":1293.95,"2007-03-31":902.63}],["Borrowings",{"2008-03-31":1755.65,"2016-03-31":4165.43,"2014-03-31":2925.16,"2011-03-31":2317.71,"2015-03-31":3284.73,"2013-03-31":2781.99,"2006-03-31":1205.22,"2012-03-31":2794.31,"2017-03-31":3053.91,"2010-03-31":1944.78,"2009-03-31":2114.68,"2007-03-31":1976.34}],["Other Liabilities",{"2008-03-31":537.77,"2016-03-31":1795.39,"2014-03-31":1656.54,"2011-03-31":971.25,"2015-03-31":1610.16,"2013-03-31":1246.35,"2006-03-31":392.68,"2012-03-31":868.9,"2017-03-31":1866.27,"2010-03-31":750.98,"2009-03-31":617.46,"2007-03-31":433.29}],["Total Liabilities",{"2008-03-31":3514.02,"2016-03-31":12826.67,"2014-03-31":8594.09,"2011-03-31":5858.57,"2015-03-31":10254.43,"2013-03-31":6967.45,"2006-03-31":2503.31,"2012-03-31":6156.38,"2017-03-31":13356.36,"2010-03-31":4610.12,"2009-03-31":4052.97,"2007-03-31":3338.93}],["Fixed Assets",{"2008-03-31":827.08,"2016-03-31":2568.13,"2014-03-31":1937.94,"2011-03-31":1349.89,"2015-03-31":2190.01,"2013-03-31":2011.91,"2006-03-31":718.42,"2012-03-31":1626.74,"2017-03-31":3211.62,"2010-03-31":1045.34,"2009-03-31":872.87,"2007-03-31":712.48}],["CWIP",{"2008-03-31":124.69,"2016-03-31":742.14,"2014-03-31":203.89,"2011-03-31":536.73,"2015-03-31":227.19,"2013-03-31":166.34,"2006-03-31":145.45,"2012-03-31":558.08,"2017-03-31":906.98,"2010-03-31":499.47,"2009-03-31":285.96,"2007-03-31":183.14}],["Investments",{"2008-03-31":287.95,"2016-03-31":1183.35,"2014-03-31":872.62,"2011-03-31":493.08,"2015-03-31":1012.75,"2013-03-31":707.98,"2006-03-31":174.16,"2012-03-31":629.0,"2017-03-31":1681.95,"2010-03-31":370.91,"2009-03-31":269.41,"2007-03-31":202.73}],["Other Assets",{"2008-03-31":2274.3,"2016-03-31":8333.05,"2014-03-31":5579.64,"2011-03-31":3478.87,"2015-03-31":6824.48,"2013-03-31":4081.22,"2006-03-31":1465.28,"2012-03-31":3342.56,"2017-03-31":7555.81,"2010-03-31":2694.4,"2009-03-31":2624.73,"2007-03-31":2240.58}],["Total Assets",{"2008-03-31":3514.02,"2016-03-31":12826.67,"2014-03-31":8594.09,"2011-03-31":5858.57,"2015-03-31":10254.43,"2013-03-31":6967.45,"2006-03-31":2503.31,"2012-03-31":6156.38,"2017-03-31":13356.36,"2010-03-31":4610.12,"2009-03-31":4052.97,"2007-03-31":3338.93}]],"annual":[["Sales",{"2008-03-31":2292.89,"2016-03-31":9166.18,"2014-03-31":7110.71,"2011-03-31":4133.12,"2015-03-31":8095.1,"2013-03-31":5425.1,"2006-03-31":1395.21,"2012-03-31":4281.45,"2017-03-31":9607.05,"2010-03-31":3252.27,"2009-03-31":2794.83,"2007-03-31":1878.57}],["Expenses",{"2008-03-31":1933.65,"2016-03-31":6714.39,"2014-03-31":5191.24,"2011-03-31":3204.62,"2015-03-31":5844.68,"2013-03-31":4467.04,"2006-03-31":null,"2012-03-31":4027.81,"2017-03-31":7233.1,"2010-03-31":2554.28,"2009-03-31":2545.24,"2007-03-31":1608.6}],["Operating Profit",{"2008-03-31":359.24,"2016-03-31":2451.79,"2014-03-31":1919.47,"2011-03-31":928.5,"2015-03-31":2250.42,"2013-03-31":958.06,"2006-03-31":null,"2012-03-31":253.64,"2017-03-31":2373.95,"2010-03-31":697.99,"2009-03-31":249.59,"2007-03-31":269.97}],["OPM",{"2008-03-31":15.67,"2016-03-31":26.75,"2014-03-31":26.99,"2011-03-31":22.46,"2015-03-31":27.8,"2013-03-31":17.66,"2006-03-31":null,"2012-03-31":5.92,"2017-03-31":24.71,"2010-03-31":21.46,"2009-03-31":8.93,"2007-03-31":14.37}],["Other Income",{"2008-03-31":119.21,"2016-03-31":188.36,"2014-03-31":74.8,"2011-03-31":57.01,"2015-03-31":67.22,"2013-03-31":26.51,"2006-03-31":53.9,"2012-03-31":19.06,"2017-03-31":135.95,"2010-03-31":172.39,"2009-03-31":74.68,"2007-03-31":109.1}],["Interest",{"2008-03-31":59.01,"2016-03-31":229.31,"2014-03-31":288.84,"2011-03-31":55.02,"2015-03-31":132.14,"2013-03-31":250.06,"2006-03-31":60.64,"2012-03-31":267.58,"2017-03-31":45.16,"2010-03-31":62.58,"2009-03-31":81.2,"2007-03-31":76.07}],["Depreciation",{"2008-03-31":74.6,"2016-03-31":263.0,"2014-03-31":185.97,"2011-03-31":125.04,"2015-03-31":245.15,"2013-03-31":171.39,"2006-03-31":51.12,"2012-03-31":142.94,"2017-03-31":286.17,"2010-03-31":95.46,"2009-03-31":82.41,"2007-03-31":71.84}],["Profit before tax",{"2008-03-31":344.84,"2016-03-31":2147.84,"2014-03-31":1519.46,"2011-03-31":805.45,"2015-03-31":1940.35,"2013-03-31":563.12,"2006-03-31":92.9,"2012-03-31":-137.82,"2017-03-31":2178.57,"2010-03-31":712.34,"2009-03-31":160.66,"2007-03-31":231.16}],["Tax",{"2008-03-31":54.06,"2016-03-31":521.14,"2014-03-31":347.37,"2011-03-31":211.65,"2015-03-31":424.0,"2013-03-31":67.13,"2006-03-31":23.52,"2012-03-31":-95.21,"2017-03-31":471.81,"2010-03-31":186.58,"2009-03-31":32.12,"2007-03-31":2.08}],["Net Profit",{"2008-03-31":290.78,"2016-03-31":1626.7,"2014-03-31":1172.09,"2011-03-31":593.8,"2015-03-31":1516.35,"2013-03-31":495.99,"2006-03-31":69.38,"2012-03-31":-42.61,"2017-03-31":1706.76,"2010-03-31":525.76,"2009-03-31":128.54,"2007-03-31":229.08}],["EPS (unadj)",{"2008-03-31":53.53,"2016-03-31":27.8,"2014-03-31":39.7,"2011-03-31":20.07,"2015-03-31":51.07,"2013-03-31":16.79,"2006-03-31":12.81,"2012-03-31":0.0,"2017-03-31":29.13,"2010-03-31":93.52,"2009-03-31":23.15,"2007-03-31":42.52}],["Dividend Payout",{"2008-03-31":6.01,"2016-03-31":8.99,"2014-03-31":7.46,"2011-03-31":9.81,"2015-03-31":8.67,"2013-03-31":8.81,"2006-03-31":11.52,"2012-03-31":-68.32,"2017-03-31":8.58,"2010-03-31":5.3,"2009-03-31":18.82,"2007-03-31":5.82}]],"cashflow":[["Cash from Operating Activity",{"2008-03-31":105.47,"2016-03-31":null,"2014-03-31":328.03,"2011-03-31":244.57,"2015-03-31":590.41,"2013-03-31":624.92,"2006-03-31":27.51,"2012-03-31":504.05,"2017-03-31":null,"2010-03-31":346.38,"2009-03-31":4.88,"2007-03-31":49.48}],["Cash from Investing Activity",{"2008-03-31":-12.0,"2016-03-31":null,"2014-03-31":-401.44,"2011-03-31":-569.46,"2015-03-31":-623.6,"2013-03-31":-294.96,"2006-03-31":-250.65,"2012-03-31":-533.82,"2017-03-31":null,"2010-03-31":-407.61,"2009-03-31":-301.73,"2007-03-31":-604.58}],["Cash from Financing Activity",{"2008-03-31":-185.45,"2016-03-31":null,"2014-03-31":-31.44,"2011-03-31":443.12,"2015-03-31":34.6,"2013-03-31":-229.4,"2006-03-31":350.15,"2012-03-31":-78.43,"2017-03-31":null,"2010-03-31":-13.71,"2009-03-31":160.97,"2007-03-31":723.43}],["Net Cash Flow",{"2008-03-31":-91.98,"2016-03-31":null,"2014-03-31":-104.85,"2011-03-31":118.23,"2015-03-31":1.41,"2013-03-31":100.56,"2006-03-31":127.01,"2012-03-31":-108.2,"2017-03-31":null,"2010-03-31":-74.94,"2009-03-31":-135.88,"2007-03-31":168.33}]],"quarters":[["Sales",{"2016-06-30":2429.59,"2016-12-31":2521.37,"2017-03-31":2420.09,"2017-06-30":2188.29,"2015-06-30":2219.62,"2015-03-31":2038.41,"2017-09-30":3073.86,"2015-12-31":2401.77,"2016-03-31":2447.48,"2017-12-31":2686.28,"2016-09-30":2410.16,"2015-09-30":2214.89}],["Expenses",{"2016-06-30":1863.1,"2016-12-31":1886.99,"2017-03-31":1840.1,"2017-06-30":1699.7,"2015-06-30":1618.16,"2015-03-31":1537.95,"2017-09-30":2034.62,"2015-12-31":1713.18,"2016-03-31":1843.45,"2017-12-31":2021.98,"2016-09-30":1817.07,"2015-09-30":1662.39}],["Operating Profit",{"2016-06-30":566.49,"2016-12-31":634.38,"2017-03-31":579.99,"2017-06-30":488.59,"2015-06-30":601.46,"2015-03-31":500.46,"2017-09-30":1039.24,"2015-12-31":688.59,"2016-03-31":604.03,"2017-12-31":664.3,"2016-09-30":593.09,"2015-09-30":552.5}],["OPM",{"2016-06-30":23.32,"2016-12-31":25.16,"2017-03-31":23.97,"2017-06-30":22.33,"2015-06-30":27.1,"2015-03-31":24.55,"2017-09-30":33.81,"2015-12-31":28.67,"2016-03-31":24.68,"2017-12-31":24.73,"2016-09-30":24.61,"2015-09-30":24.94}],["Other Income",{"2016-06-30":20.9,"2016-12-31":29.1,"2017-03-31":51.22,"2017-06-30":11.67,"2015-06-30":24.75,"2015-03-31":6.27,"2017-09-30":28.83,"2015-12-31":1.71,"2016-03-31":24.32,"2017-12-31":33.79,"2016-09-30":34.72,"2015-09-30":2.99}],["Depreciation",{"2016-06-30":70.4,"2016-12-31":71.14,"2017-03-31":73.38,"2017-06-30":83.39,"2015-06-30":63.15,"2015-03-31":62.66,"2017-09-30":89.61,"2015-12-31":67.21,"2016-03-31":67.11,"2017-12-31":90.28,"2016-09-30":71.25,"2015-09-30":65.53}],["Interest",{"2016-06-30":13.97,"2016-12-31":10.2,"2017-03-31":9.06,"2017-06-30":10.25,"2015-06-30":20.02,"2015-03-31":16.21,"2017-09-30":12.02,"2015-12-31":12.2,"2016-03-31":16.16,"2017-12-31":13.21,"2016-09-30":11.93,"2015-09-30":41.13}],["Profit before tax",{"2016-06-30":503.02,"2016-12-31":582.14,"2017-03-31":548.77,"2017-06-30":406.62,"2015-06-30":543.04,"2015-03-31":427.86,"2017-09-30":966.44,"2015-12-31":610.89,"2016-03-31":545.08,"2017-12-31":594.6,"2016-09-30":544.63,"2015-09-30":448.83}],["Tax",{"2016-06-30":111.99,"2016-12-31":141.12,"2017-03-31":93.31,"2017-06-30":99.29,"2015-06-30":135.09,"2015-03-31":90.85,"2017-09-30":213.61,"2015-12-31":146.75,"2016-03-31":131.74,"2017-12-31":150.28,"2016-09-30":125.39,"2015-09-30":107.56}],["Net Profit",{"2016-06-30":391.03,"2016-12-31":441.02,"2017-03-31":455.46,"2017-06-30":307.33,"2015-06-30":407.95,"2015-03-31":337.01,"2017-09-30":752.83,"2015-12-31":464.14,"2016-03-31":413.34,"2017-12-31":444.32,"2016-09-30":419.24,"2015-09-30":341.27}]]},"bse_code":"524804","short_name":"Aurobindo Pharma","nse_code":"AUROPHARMA","companyrating_set":[{"rating__rating":"IND AA(Stable)","instrument":"Long Term Rating","rating__source":"fitch","link":"http://www.indiaratings.co.in/search/search.jsp?q=Aurobindo Pharma Ltd"},{"rating__rating":"IND A1+(Stable)","instrument":"Short Term","rating__source":"fitch","link":"http://www.indiaratings.co.in/search/search.jsp?q=Aurobindo Pharma Ltd"}],"annualreport_set":[{"source":"bse","report_date":2017,"link":"http://www.bseindia.com/bseplus/AnnualReport/524804/5248040317.pdf"},{"source":"bse","report_date":2016,"link":"http://www.bseindia.com/bseplus/AnnualReport/524804/5248040316.pdf"},{"source":"bse","report_date":2015,"link":"http://www.bseindia.com/bseplus/AnnualReport/524804/5248040315.pdf"},{"source":"bse","report_date":2014,"link":"http://www.bseindia.com/bseplus/AnnualReport/524804/5248040314.pdf"},{"source":"bse","report_date":2013,"link":"http://www.bseindia.com/bseplus/annualreport/524804/5248040313.pdf"},{"source":"nse","report_date":2013,"link":"http://nseindia.com/annual_reports/AR_541_AUROPHARMA_2012_2013_16072013115607.zip"},{"source":"nse","report_date":2012,"link":"http://nseindia.com/annual_reports/AR_AUROPHARMA_2011_2012_20072012121514.zip"},{"source":"nse","report_date":2012,"link":"http://nseindia.com/annual_reports/AR_AUROPHARMA_2011_2012_20072012121514.zip"},{"source":"nse","report_date":2012,"link":"http://nseindia.com/annual_reports/AR_AUROPHARMA_2011_2012_20072012121514.zip"},{"source":"nse","report_date":2012,"link":"http://nseindia.com/annual_reports/AR_AUROPHARMA_2011_2012_20072012121514.zip"},{"source":"bse","report_date":2011,"link":"http://www.bseindia.com/bseplus/annualreport/524804/5248040311.pdf"},{"source":"nse","report_date":2011,"link":"http://nseindia.com/annual_reports/AR_AUROPHARMA_2010_2011_11052012031012.zip"},{"source":"bse","report_date":2010,"link":"http://www.bseindia.com/bseplus/annualreport/524804/5248040310.pdf"},{"source":"nse","report_date":2010,"link":"http://nseindia.com/annual_reports/AR_AUROPHARMA_2009_2010_08092010154000.zip"}],"announcement_set":[{"ann_date":"07 Apr 2018","announcement":"Share Transfer Agent - Compliance Certificate For The Half Year Ended 31.03.2018","link":"https://www.bseindia.com/corporates/anndet_new.aspx?newsid=2ea16037-09fc-462c-bcb9-a2ac6c3496e4"},{"ann_date":"07 Apr 2018","announcement":"Regulation 40(10) Compliance Certificate 31.03.2018","link":"https://www.bseindia.com/corporates/anndet_new.aspx?newsid=e95dfcb6-957e-4e1d-9289-5002fe1442f7"},{"ann_date":"28 Mar 2018","announcement":"Announcement under Regulation 30 (LODR)-Allotment of ESOP / ESPS","link":"https://www.bseindia.com/corporates/anndet_new.aspx?newsid=b25b3d4c-f245-4bfe-b21a-77c61e7bcf58"},{"ann_date":"20 Mar 2018","announcement":"Announcement under Regulation 30 (LODR)-Analyst / Investor Meet - Intimation","link":"https://www.bseindia.com/corporates/anndet_new.aspx?newsid=b28b06e7-39f2-4fd9-a4f9-9ee88daea76c"},{"ann_date":"05 Mar 2018","announcement":"Clarification sought fromAurobindo Pharma Ltd","link":"https://www.bseindia.com/corporates/anndet_new.aspx?newsid=c1767fdd-862c-4253-9b6a-92cb00e72ea4"}],"warehouse_set":{"high_price":809.45,"low_price":503.05,"sales_growth":5.71,"current_price":619.4,"dividend_yield":0.4,"face_value":1.0,"id":999,"sales_growth_3years":10.55,"profit_growth_5years":44.63,"average_return_on_equity_3years":26.43,"book_value":169.66,"status":"Active","pair_url":"/company/AUROPHARMA/consolidated","sales_growth_10years":17.25,"average_return_on_equity_10years":26.11,"profit_growth":17.74,"market_capitalization":36291.12,"profit_growth_10years":21.83,"price_to_earning":18.52,"industry":"Pharmaceuticals","analysis":{"remarks":[],"bad":["Promoter's stake has decreased","Company might be capitalizing the interest cost"],"good":["Company has reduced debt.","Company has a good return on equity (ROE) track record: 3 Years ROE 26.43%"]},"result_type":"sa","profit_growth_3years":13.6,"sales_growth_5years":17.54,"return_on_equity":22.48,"average_return_on_equity_5years":26.62},"id":325,"name":"Aurobindo Pharma Ltd"}
