{"prime":"sa","number_set":{"balancesheet":[["Share Capital",{"2008-03-31":357.71,"2016-03-31":476.57,"2014-03-31":469.84,"2011-03-31":410.55,"2015-03-31":474.1,"2013-03-31":467.95,"2006-03-31":278.69,"2012-03-31":413.2,"2017-03-31":479.01,"2010-03-31":405.17,"2009-03-31":359.01,"2007-03-31":281.63}],["Reserves",{"2008-03-31":8410.79,"2016-03-31":52688.34,"2014-03-31":37750.64,"2011-03-31":18588.28,"2015-03-31":44202.41,"2013-03-31":32639.91,"2006-03-31":2593.49,"2012-03-31":22395.34,"2017-03-31":55283.53,"2010-03-31":15639.27,"2009-03-31":9855.79,"2007-03-31":3111.6}],["Borrowings",{"2008-03-31":93250.26,"2016-03-31":466547.94,"2014-03-31":331235.5,"2011-03-31":215505.68,"2015-03-31":402200.21,"2013-03-31":296564.69,"2006-03-31":42794.46,"2012-03-31":254175.97,"2017-03-31":519409.66,"2010-03-31":158469.77,"2009-03-31":132893.98,"2007-03-31":63981.2}],["Other Liabilities",{"2008-03-31":7606.91,"2016-03-31":20283.07,"2014-03-31":13831.49,"2011-03-31":8241.53,"2015-03-31":15101.07,"2013-03-31":10913.62,"2006-03-31":4117.99,"2012-03-31":8666.34,"2017-03-31":26386.95,"2010-03-31":6166.31,"2009-03-31":4650.07,"2007-03-31":5935.28}],["Total Liabilities",{"2008-03-31":109625.67,"2016-03-31":539995.92,"2014-03-31":383287.47,"2011-03-31":242746.04,"2015-03-31":461977.79,"2013-03-31":340586.17,"2006-03-31":49784.63,"2012-03-31":285650.85,"2017-03-31":601559.15,"2010-03-31":180680.52,"2009-03-31":147758.85,"2007-03-31":73309.71}],["Fixed Assets",{"2008-03-31":794.38,"2016-03-31":3316.2,"2014-03-31":2310.54,"2011-03-31":2250.46,"2015-03-31":2413.05,"2013-03-31":2230.54,"2006-03-31":553.34,"2012-03-31":2188.55,"2017-03-31":3465.93,"2010-03-31":1165.18,"2009-03-31":1015.41,"2007-03-31":648.38}],["CWIP",{"2008-03-31":128.47,"2016-03-31":206.97,"2014-03-31":99.67,"2011-03-31":22.69,"2015-03-31":101.26,"2013-03-31":125.11,"2006-03-31":14.37,"2012-03-31":70.77,"2017-03-31":280.96,"2010-03-31":57.24,"2009-03-31":57.48,"2007-03-31":24.81}],["Investments",{"2008-03-31":33705.1,"2016-03-31":131524.06,"2014-03-31":113548.43,"2011-03-31":71991.62,"2015-03-31":117550.21,"2013-03-31":113737.54,"2006-03-31":21527.35,"2012-03-31":93192.09,"2017-03-31":128793.37,"2010-03-31":55974.81,"2009-03-31":46330.35,"2007-03-31":26897.16}],["Other Assets",{"2008-03-31":74997.72,"2016-03-31":404948.69,"2014-03-31":267328.83,"2011-03-31":168481.27,"2015-03-31":341913.27,"2013-03-31":224492.98,"2006-03-31":27689.57,"2012-03-31":190199.44,"2017-03-31":469018.89,"2010-03-31":123483.29,"2009-03-31":100355.61,"2007-03-31":45739.36}],["Total Assets",{"2008-03-31":109625.67,"2016-03-31":539995.92,"2014-03-31":383287.47,"2011-03-31":242746.04,"2015-03-31":461977.79,"2013-03-31":340586.17,"2006-03-31":49784.63,"2012-03-31":285650.85,"2017-03-31":601559.15,"2010-03-31":180680.52,"2009-03-31":147758.85,"2007-03-31":73309.71}]],"annual":[["Sales",{"2008-03-31":7005.32,"2016-03-31":40988.04,"2014-03-31":30641.16,"2011-03-31":15154.81,"2015-03-31":35478.6,"2013-03-31":27182.57,"2006-03-31":2888.79,"2012-03-31":21994.65,"2017-03-31":44542.16,"2010-03-31":11638.02,"2009-03-31":10835.49,"2007-03-31":4461.66}],["Expenses",{"2008-03-31":2591.75,"2016-03-31":13366.77,"2014-03-31":9644.3,"2011-03-31":5769.87,"2015-03-31":11126.68,"2013-03-31":8312.94,"2006-03-31":986.48,"2012-03-31":6807.89,"2017-03-31":23808.06,"2010-03-31":4864.59,"2009-03-31":3690.03,"2007-03-31":1373.26}],["Operating Profit",{"2008-03-31":4413.57,"2016-03-31":27621.27,"2014-03-31":20996.86,"2011-03-31":9384.94,"2015-03-31":24351.92,"2013-03-31":18869.63,"2006-03-31":1902.31,"2012-03-31":15186.76,"2017-03-31":20734.1,"2010-03-31":6773.43,"2009-03-31":7145.46,"2007-03-31":3088.4}],["OPM",{"2008-03-31":63.0,"2016-03-31":67.39,"2014-03-31":68.53,"2011-03-31":61.93,"2015-03-31":68.64,"2013-03-31":69.42,"2006-03-31":65.85,"2012-03-31":69.05,"2017-03-31":46.55,"2010-03-31":58.2,"2009-03-31":65.94,"2007-03-31":69.22}],["Other Income",{"2008-03-31":1810.78,"2016-03-31":9371.46,"2014-03-31":7405.22,"2011-03-31":4632.13,"2015-03-31":8365.05,"2013-03-31":6551.11,"2006-03-31":731.73,"2012-03-31":5420.22,"2017-03-31":11691.31,"2010-03-31":3945.78,"2009-03-31":2977.69,"2007-03-31":1013.02}],["Interest",{"2008-03-31":4419.96,"2016-03-31":24155.07,"2014-03-31":18689.52,"2011-03-31":8591.82,"2015-03-31":21254.46,"2013-03-31":17516.31,"2006-03-31":1810.56,"2012-03-31":13976.9,"2017-03-31":26449.04,"2010-03-31":6633.53,"2009-03-31":7149.28,"2007-03-31":2993.32}],["Depreciation",{"2008-03-31":158.11,"2016-03-31":443.91,"2014-03-31":363.93,"2011-03-31":289.59,"2015-03-31":405.67,"2013-03-31":351.73,"2006-03-31":92.19,"2012-03-31":342.24,"2017-03-31":508.8,"2010-03-31":234.32,"2009-03-31":188.67,"2007-03-31":111.86}],["Profit before tax",{"2008-03-31":1646.28,"2016-03-31":12393.75,"2014-03-31":9348.63,"2011-03-31":5135.66,"2015-03-31":11056.83,"2013-03-31":7552.7,"2006-03-31":731.29,"2012-03-31":6287.84,"2017-03-31":5467.56,"2010-03-31":3851.36,"2009-03-31":2785.2,"2007-03-31":996.24}],["Tax",{"2008-03-31":575.25,"2016-03-31":4170.09,"2014-03-31":3130.96,"2011-03-31":1747.17,"2015-03-31":3699.01,"2013-03-31":2373.26,"2006-03-31":246.21,"2012-03-31":2045.63,"2017-03-31":1788.28,"2010-03-31":1336.83,"2009-03-31":969.84,"2007-03-31":337.21}],["Net Profit",{"2008-03-31":1071.03,"2016-03-31":8223.66,"2014-03-31":6217.67,"2011-03-31":3388.49,"2015-03-31":7357.82,"2013-03-31":5179.43,"2006-03-31":485.08,"2012-03-31":4242.21,"2017-03-31":3679.28,"2010-03-31":2514.53,"2009-03-31":1815.36,"2007-03-31":659.03}],["EPS (unadj)",{"2008-03-31":28.91,"2016-03-31":34.51,"2014-03-31":25.78,"2011-03-31":80.21,"2015-03-31":30.12,"2013-03-31":107.59,"2006-03-31":16.87,"2012-03-31":100.03,"2017-03-31":15.36,"2010-03-31":60.06,"2009-03-31":48.85,"2007-03-31":22.62}],["Dividend Payout",{"2008-03-31":20.04,"2016-03-31":14.49,"2014-03-31":15.11,"2011-03-31":16.96,"2015-03-31":14.82,"2013-03-31":16.26,"2006-03-31":20.11,"2012-03-31":15.58,"2017-03-31":32.55,"2010-03-31":19.34,"2009-03-31":19.78,"2007-03-31":19.23}]],"cashflow":[["Cash from Operating Activity",{"2008-03-31":5962.66,"2016-03-31":-19183.38,"2014-03-31":16702.56,"2011-03-31":11425.07,"2015-03-31":-16707.67,"2013-03-31":2719.04,"2006-03-31":240.17,"2012-03-31":-9826.93,"2017-03-31":34192.28,"2010-03-31":198.08,"2009-03-31":10562.3,"2007-03-31":5295.03}],["Cash from Investing Activity",{"2008-03-31":-4702.52,"2016-03-31":-5473.31,"2014-03-31":-14388.97,"2011-03-31":-13990.01,"2015-03-31":-4277.99,"2013-03-31":-10992.6,"2006-03-31":-2097.47,"2012-03-31":-4918.18,"2017-03-31":-12632.67,"2010-03-31":-5143.39,"2009-03-31":-9741.96,"2007-03-31":-3655.57}],["Cash from Financing Activity",{"2008-03-31":4325.79,"2016-03-31":21883.1,"2014-03-31":5490.14,"2011-03-31":8769.69,"2015-03-31":28846.0,"2013-03-31":14774.6,"2006-03-31":996.2,"2012-03-31":7270.37,"2017-03-31":-4628.87,"2010-03-31":5132.32,"2009-03-31":1692.32,"2007-03-31":1637.01}],["Net Cash Flow",{"2008-03-31":5585.93,"2016-03-31":-2773.59,"2014-03-31":7803.73,"2011-03-31":6204.75,"2015-03-31":7860.34,"2013-03-31":6501.04,"2006-03-31":-861.1,"2012-03-31":-7474.74,"2017-03-31":16930.74,"2010-03-31":187.01,"2009-03-31":2512.66,"2007-03-31":3276.47}]],"quarters":[["Sales",{"2016-06-30":11113.9,"2016-12-31":11101.0,"2017-03-31":11168.15,"2017-06-30":11052.49,"2015-06-30":9936.14,"2015-03-31":9697.08,"2017-09-30":11235.08,"2015-12-31":10193.33,"2016-03-31":10898.96,"2017-12-31":11721.55,"2016-09-30":11159.11,"2015-09-30":9959.61}],["Expenses",{"2016-06-30":4903.0,"2016-12-31":6889.51,"2017-03-31":5948.27,"2017-06-30":5666.72,"2015-06-30":3384.2,"2015-03-31":3183.49,"2017-09-30":6488.25,"2015-12-31":3227.37,"2016-03-31":4016.4,"2017-12-31":6281.84,"2016-09-30":6576.09,"2015-09-30":3182.71}],["Operating Profit",{"2016-06-30":6210.9,"2016-12-31":4211.49,"2017-03-31":5219.88,"2017-06-30":5385.77,"2015-06-30":6551.94,"2015-03-31":6513.59,"2017-09-30":4746.83,"2015-12-31":6965.96,"2016-03-31":6882.56,"2017-12-31":5439.71,"2016-09-30":4583.02,"2015-09-30":6776.9}],["OPM",{"2016-06-30":55.88,"2016-12-31":37.94,"2017-03-31":46.74,"2017-06-30":48.73,"2015-06-30":65.94,"2015-03-31":67.17,"2017-09-30":42.25,"2015-12-31":68.34,"2016-03-31":63.15,"2017-12-31":46.41,"2016-09-30":41.07,"2015-09-30":68.04}],["Other Income",{"2016-06-30":2738.28,"2016-12-31":3400.21,"2017-03-31":3013.16,"2017-06-30":2999.81,"2015-06-30":2298.27,"2015-03-31":2687.31,"2017-09-30":2585.54,"2015-12-31":2337.78,"2016-03-31":2694.01,"2017-12-31":2593.08,"2016-09-30":2539.66,"2015-09-30":2041.4}],["Depreciation",{"2016-06-30":0.0,"2016-12-31":0.0,"2017-03-31":0.0,"2017-06-30":0.0,"2015-06-30":0.0,"2015-03-31":0.0,"2017-09-30":0.0,"2015-12-31":0.0,"2016-03-31":0.0,"2017-12-31":0.0,"2016-09-30":0.0,"2015-09-30":0.0}],["Interest",{"2016-06-30":6596.98,"2016-12-31":6767.27,"2017-03-31":6439.55,"2017-06-30":6436.35,"2015-06-30":5879.91,"2015-03-31":5897.84,"2017-09-30":6695.46,"2015-12-31":6031.27,"2016-03-31":6346.37,"2017-12-31":6990.03,"2016-09-30":6645.24,"2015-09-30":5897.52}],["Profit before tax",{"2016-06-30":2352.2,"2016-12-31":844.43,"2017-03-31":1793.49,"2017-06-30":1949.23,"2015-06-30":2970.3,"2015-03-31":3303.06,"2017-09-30":636.91,"2015-12-31":3272.47,"2016-03-31":3230.2,"2017-12-31":1042.76,"2016-09-30":477.44,"2015-09-30":2920.78}],["Tax",{"2016-06-30":796.67,"2016-12-31":264.86,"2017-03-31":568.39,"2017-06-30":643.63,"2015-06-30":991.86,"2015-03-31":1122.47,"2017-09-30":204.53,"2015-12-31":1097.17,"2016-03-31":1075.92,"2017-12-31":316.32,"2016-09-30":158.36,"2015-09-30":1005.14}],["Net Profit",{"2016-06-30":1555.53,"2016-12-31":579.57,"2017-03-31":1225.1,"2017-06-30":1305.6,"2015-06-30":1978.44,"2015-03-31":2180.59,"2017-09-30":432.38,"2015-12-31":2175.3,"2016-03-31":2154.28,"2017-12-31":726.44,"2016-09-30":319.08,"2015-09-30":1915.64}]]},"bse_code":"532215","short_name":"Axis Bank","nse_code":"AXISBANK","companyrating_set":[{"rating__rating":"CRISIL A1+","instrument":"Certificate of Deposit","rating__source":"crisil","link":"http://www.crisil.com/ratings/company-wise-ratings.jsp?txtSearch=Axis Bank Ltd"},{"rating__rating":"[ICRA]AAA (stable)","instrument":"Financial Sector Rating-Long Term","rating__source":"icra","link":"http://icra.in/search.aspx?word=Axis Bank Ltd"},{"rating__rating":"[ICRA]A1+","instrument":"Financial Sector Rating-Short Term","rating__source":"icra","link":"http://icra.in/search.aspx?word=Axis Bank Ltd"},{"rating__rating":"CRISIL AAA(Stable)","instrument":"Infrastructure Bonds","rating__source":"crisil","link":"http://www.crisil.com/ratings/company-wise-ratings.jsp?txtSearch=Axis Bank Ltd"},{"rating__rating":"IND AAA(Stable)","instrument":"Long Term Rating","rating__source":"fitch","link":"http://www.indiaratings.co.in/search/search.jsp?q=Axis Bank Ltd"},{"rating__rating":"IND AA+(tier 1 & upper tier2)(Stable)","instrument":"Long Term Rating","rating__source":"fitch","link":"http://www.indiaratings.co.in/search/search.jsp?q=Axis Bank Ltd"},{"rating__rating":"CARE AAA","instrument":"LT InstrumentsBonds","rating__source":"care","link":"http://google.com/search?btnI=1&q=Axis Bank Ltd+site:careratings.com"},{"rating__rating":"CRISIL A1+(SO)","instrument":"Pass Through Certificate","rating__source":"crisil","link":"http://www.crisil.com/ratings/company-wise-ratings.jsp?txtSearch=Axis Bank Ltd"},{"rating__rating":"CRISIL AAA(Stable)","instrument":"Tier II Bonds (Under Basel III)","rating__source":"crisil","link":"http://www.crisil.com/ratings/company-wise-ratings.jsp?txtSearch=Axis Bank Ltd"}],"annualreport_set":[{"source":"bse","report_date":2017,"link":"http://www.bseindia.com/bseplus/AnnualReport/532215/5322150317.pdf"},{"source":"bse","report_date":2016,"link":"http://www.bseindia.com/bseplus/AnnualReport/532215/5322150316.pdf"},{"source":"bse","report_date":2015,"link":"http://www.bseindia.com/bseplus/AnnualReport/532215/5322150315.pdf"},{"source":"bse","report_date":2014,"link":"http://www.bseindia.com/bseplus/AnnualReport/532215/5322150314.pdf"},{"source":"nse","report_date":2013,"link":"http://nseindia.com/annual_reports/AR_1193_AXISBANK_2012_2013_28082013100357.zip"},{"source":"bse","report_date":2012,"link":"http://www.bseindia.com/bseplus/annualreport/532215/5322150312.PDF"},{"source":"bse","report_date":2011,"link":"http://www.bseindia.com/bseplus/annualreport/532215/5322150311.pdf"},{"source":"nse","report_date":2011,"link":"http://nseindia.com/annual_reports/AR_AXISBANK_2010_2011_11052012103031.zip"},{"source":"bse","report_date":2010,"link":"http://www.bseindia.com/bseplus/annualreport/532215/5322150310.pdf"},{"source":"bse","report_date":2010,"link":"http://www.bseindia.com/bseplus/annualreport/532215/532215_2009-10.pdf"},{"source":"nse","report_date":2010,"link":"http://nseindia.com/annual_reports/AR_AXISBANK_2009_2010_18082010121500.zip"}],"announcement_set":[{"ann_date":"04 Apr 2018","announcement":"AXIS Bank Ltd reply to clarification sought by the exchange","link":"https://www.bseindia.com/corporates/anndet_new.aspx?newsid=d1764c8f-680d-47c4-ba18-46accfb8e40c"},{"ann_date":"04 Apr 2018","announcement":"Clarification sought from AXIS Bank Ltd","link":"https://www.bseindia.com/corporates/anndet_new.aspx?newsid=9957aa1b-71b2-4c33-94aa-71af9bfce3ee"},{"ann_date":"02 Apr 2018","announcement":"ALLOTMENT OF EQUITY SHARES UNDER ESOP","link":"https://www.bseindia.com/corporates/anndet_new.aspx?newsid=b4ade860-5667-4603-ab8d-9b5d8e02a73e"},{"ann_date":"02 Apr 2018","announcement":"News Clarification Under Regulation 30 Of SEBI (LODR) Regulations, 2015","link":"https://www.bseindia.com/corporates/anndet_new.aspx?newsid=d179a90d-c8c1-427d-a297-7c79ca14e7d5"},{"ann_date":"26 Mar 2018","announcement":"Announcement under Regulation 30 (LODR)-Allotment of ESOP / ESPS","link":"https://www.bseindia.com/corporates/anndet_new.aspx?newsid=01b305af-ddee-4d4c-81a4-fd04564ef885"}],"warehouse_set":{"high_price":627.6,"low_price":447.5,"sales_growth":2.04,"current_price":500.2,"dividend_yield":0.93,"face_value":2.0,"id":1785,"sales_growth_3years":13.28,"profit_growth_5years":-2.75,"average_return_on_equity_3years":13.43,"book_value":226.87,"status":"Active","pair_url":"/company/AXISBANK/consolidated","sales_growth_10years":22.81,"average_return_on_equity_10years":15.55,"profit_growth":-19.94,"market_capitalization":128380.33,"profit_growth_10years":14.6,"price_to_earning":34.8,"industry":"Banks","analysis":{"remarks":[],"bad":["Company has low interest coverage ratio.","Promoter's stake has decreased","Promoter holding is low: 26.63%","Company has a low return on equity of 13.43% for last 3 years.","Contingent liabilities of Rs.750681.21 Cr.","Company might be capitalizing the interest cost","Earnings include an other income of Rs.11191.59 Cr."],"good":["Company has been maintaining a healthy dividend payout of 18.06%"]},"result_type":"sa","profit_growth_3years":-16.08,"sales_growth_5years":15.16,"return_on_equity":6.76,"average_return_on_equity_5years":14.87},"id":348,"name":"Axis Bank Ltd"}
