{"prime":"sa","number_set":{"balancesheet":[["Share Capital",{"2008-03-31":19.33,"2016-03-31":19.33,"2014-03-31":19.33,"2011-03-31":19.33,"2015-03-31":19.33,"2013-03-31":19.33,"2006-03-31":19.33,"2012-03-31":19.33,"2017-03-31":19.33,"2010-03-31":19.33,"2009-03-31":19.33,"2007-03-31":19.33}],["Reserves",{"2008-03-31":391.77,"2016-03-31":2762.33,"2014-03-31":1865.47,"2011-03-31":812.44,"2015-03-31":2272.34,"2013-03-31":1399.64,"2006-03-31":268.17,"2012-03-31":1060.76,"2017-03-31":3529.23,"2010-03-31":641.44,"2009-03-31":448.5,"2007-03-31":328.12}],["Borrowings",{"2008-03-31":534.84,"2016-03-31":1880.16,"2014-03-31":2350.01,"2011-03-31":607.03,"2015-03-31":2357.84,"2013-03-31":2074.43,"2006-03-31":296.89,"2012-03-31":1673.18,"2017-03-31":1361.15,"2010-03-31":464.33,"2009-03-31":472.81,"2007-03-31":400.8}],["Other Liabilities",{"2008-03-31":325.93,"2016-03-31":747.87,"2014-03-31":642.65,"2011-03-31":660.57,"2015-03-31":669.96,"2013-03-31":498.46,"2006-03-31":162.54,"2012-03-31":364.31,"2017-03-31":851.35,"2010-03-31":448.0,"2009-03-31":333.02,"2007-03-31":221.27}],["Total Liabilities",{"2008-03-31":1271.87,"2016-03-31":5409.69,"2014-03-31":4877.46,"2011-03-31":2099.37,"2015-03-31":5319.47,"2013-03-31":3991.86,"2006-03-31":746.93,"2012-03-31":3117.58,"2017-03-31":5761.06,"2010-03-31":1573.1,"2009-03-31":1273.66,"2007-03-31":969.52}],["Fixed Assets",{"2008-03-31":424.47,"2016-03-31":2858.22,"2014-03-31":2329.44,"2011-03-31":687.44,"2015-03-31":2414.76,"2013-03-31":1277.71,"2006-03-31":259.75,"2012-03-31":828.15,"2017-03-31":2840.93,"2010-03-31":614.88,"2009-03-31":534.55,"2007-03-31":399.37}],["CWIP",{"2008-03-31":127.42,"2016-03-31":231.07,"2014-03-31":476.34,"2011-03-31":44.05,"2015-03-31":634.04,"2013-03-31":945.51,"2006-03-31":68.91,"2012-03-31":449.87,"2017-03-31":109.67,"2010-03-31":58.87,"2009-03-31":74.72,"2007-03-31":75.78}],["Investments",{"2008-03-31":34.11,"2016-03-31":866.07,"2014-03-31":426.51,"2011-03-31":32.24,"2015-03-31":444.86,"2013-03-31":32.91,"2006-03-31":5.12,"2012-03-31":32.24,"2017-03-31":1354.84,"2010-03-31":80.73,"2009-03-31":32.23,"2007-03-31":2.18}],["Other Assets",{"2008-03-31":685.87,"2016-03-31":1454.33,"2014-03-31":1645.17,"2011-03-31":1335.64,"2015-03-31":1825.81,"2013-03-31":1735.73,"2006-03-31":413.15,"2012-03-31":1807.32,"2017-03-31":1455.62,"2010-03-31":818.62,"2009-03-31":632.16,"2007-03-31":492.19}],["Total Assets",{"2008-03-31":1271.87,"2016-03-31":5409.69,"2014-03-31":4877.46,"2011-03-31":2099.37,"2015-03-31":5319.47,"2013-03-31":3991.86,"2006-03-31":746.93,"2012-03-31":3117.58,"2017-03-31":5761.06,"2010-03-31":1573.1,"2009-03-31":1273.66,"2007-03-31":969.52}]],"annual":[["Sales",{"2008-03-31":991.38,"2016-03-31":3222.51,"2014-03-31":3576.71,"2011-03-31":1934.14,"2015-03-31":3779.91,"2013-03-31":3190.57,"2006-03-31":620.01,"2012-03-31":2819.96,"2017-03-31":3731.49,"2010-03-31":1386.96,"2009-03-31":1252.34,"2007-03-31":877.66}],["Expenses",{"2008-03-31":788.71,"2016-03-31":2384.01,"2014-03-31":2682.82,"2011-03-31":1655.34,"2015-03-31":3045.38,"2013-03-31":2526.04,"2006-03-31":516.16,"2012-03-31":2314.07,"2017-03-31":2599.63,"2010-03-31":1053.12,"2009-03-31":1088.8,"2007-03-31":717.46}],["Operating Profit",{"2008-03-31":202.67,"2016-03-31":838.5,"2014-03-31":893.89,"2011-03-31":278.8,"2015-03-31":734.53,"2013-03-31":664.53,"2006-03-31":103.85,"2012-03-31":505.89,"2017-03-31":1131.86,"2010-03-31":333.84,"2009-03-31":163.54,"2007-03-31":160.2}],["OPM",{"2008-03-31":20.44,"2016-03-31":26.02,"2014-03-31":24.99,"2011-03-31":14.41,"2015-03-31":19.43,"2013-03-31":20.83,"2006-03-31":16.75,"2012-03-31":17.94,"2017-03-31":30.33,"2010-03-31":24.07,"2009-03-31":13.06,"2007-03-31":18.25}],["Other Income",{"2008-03-31":30.78,"2016-03-31":148.96,"2014-03-31":13.84,"2011-03-31":91.24,"2015-03-31":279.8,"2013-03-31":4.21,"2006-03-31":42.45,"2012-03-31":3.3,"2017-03-31":249.11,"2010-03-31":62.21,"2009-03-31":38.72,"2007-03-31":22.31}],["Interest",{"2008-03-31":26.96,"2016-03-31":39.83,"2014-03-31":25.07,"2011-03-31":20.66,"2015-03-31":46.59,"2013-03-31":25.82,"2006-03-31":12.24,"2012-03-31":27.83,"2017-03-31":21.44,"2010-03-31":18.66,"2009-03-31":37.5,"2007-03-31":17.51}],["Depreciation",{"2008-03-31":43.83,"2016-03-31":282.17,"2014-03-31":164.96,"2011-03-31":74.44,"2015-03-31":240.2,"2013-03-31":107.71,"2006-03-31":27.34,"2012-03-31":83.14,"2017-03-31":303.83,"2010-03-31":66.22,"2009-03-31":56.52,"2007-03-31":36.0}],["Profit before tax",{"2008-03-31":162.66,"2016-03-31":665.46,"2014-03-31":717.7,"2011-03-31":274.94,"2015-03-31":727.56,"2013-03-31":535.21,"2006-03-31":106.72,"2012-03-31":398.22,"2017-03-31":1055.7,"2010-03-31":311.17,"2009-03-31":108.24,"2007-03-31":129.0}],["Tax",{"2008-03-31":57.09,"2016-03-31":226.89,"2014-03-31":229.33,"2011-03-31":89.38,"2015-03-31":238.74,"2013-03-31":179.37,"2006-03-31":37.64,"2012-03-31":129.7,"2017-03-31":340.56,"2010-03-31":102.44,"2009-03-31":37.94,"2007-03-31":45.91}],["Net Profit",{"2008-03-31":105.57,"2016-03-31":438.57,"2014-03-31":488.37,"2011-03-31":185.56,"2015-03-31":488.81,"2013-03-31":355.83,"2006-03-31":69.08,"2012-03-31":268.52,"2017-03-31":715.14,"2010-03-31":208.73,"2009-03-31":70.3,"2007-03-31":83.09}],["EPS (unadj)",{"2008-03-31":52.83,"2016-03-31":43.78,"2014-03-31":50.19,"2011-03-31":18.97,"2015-03-31":50.09,"2013-03-31":36.56,"2006-03-31":34.36,"2012-03-31":27.54,"2017-03-31":72.87,"2010-03-31":106.82,"2009-03-31":35.35,"2007-03-31":41.51}],["Dividend Payout",{"2008-03-31":19.23,"2016-03-31":12.12,"2014-03-31":3.96,"2011-03-31":7.29,"2015-03-31":4.75,"2013-03-31":4.07,"2006-03-31":27.98,"2012-03-31":5.4,"2017-03-31":10.81,"2010-03-31":6.48,"2009-03-31":16.5,"2007-03-31":24.43}]],"cashflow":[["Cash from Operating Activity",{"2008-03-31":37.53,"2016-03-31":1095.18,"2014-03-31":593.75,"2011-03-31":59.45,"2015-03-31":978.91,"2013-03-31":550.12,"2006-03-31":30.98,"2012-03-31":73.61,"2017-03-31":843.65,"2010-03-31":196.46,"2009-03-31":283.94,"2007-03-31":45.04}],["Cash from Investing Activity",{"2008-03-31":-165.17,"2016-03-31":-568.66,"2014-03-31":-1240.63,"2011-03-31":-157.98,"2015-03-31":-427.79,"2013-03-31":-959.33,"2006-03-31":-133.89,"2012-03-31":-676.9,"2017-03-31":-546.67,"2010-03-31":-180.57,"2009-03-31":-123.82,"2007-03-31":-177.13}],["Cash from Financing Activity",{"2008-03-31":131.26,"2016-03-31":-655.71,"2014-03-31":390.37,"2011-03-31":105.29,"2015-03-31":-129.8,"2013-03-31":318.12,"2006-03-31":176.45,"2012-03-31":949.7,"2017-03-31":-586.75,"2010-03-31":-22.8,"2009-03-31":-157.67,"2007-03-31":60.64}],["Net Cash Flow",{"2008-03-31":3.62,"2016-03-31":-129.19,"2014-03-31":-256.51,"2011-03-31":6.76,"2015-03-31":421.33,"2013-03-31":-91.09,"2006-03-31":73.54,"2012-03-31":346.41,"2017-03-31":-289.77,"2010-03-31":-6.91,"2009-03-31":2.45,"2007-03-31":-71.45}]],"quarters":[["Sales",{"2016-06-30":942.01,"2016-12-31":896.43,"2017-03-31":1002.94,"2017-06-30":1011.58,"2015-06-30":855.89,"2015-03-31":893.47,"2017-09-30":1114.45,"2015-12-31":698.66,"2016-03-31":870.39,"2017-12-31":1106.31,"2016-09-30":945.55,"2015-09-30":808.79}],["Expenses",{"2016-06-30":650.98,"2016-12-31":618.46,"2017-03-31":747.57,"2017-06-30":795.37,"2015-06-30":746.02,"2015-03-31":752.76,"2017-09-30":809.55,"2015-12-31":536.14,"2016-03-31":652.34,"2017-12-31":816.32,"2016-09-30":638.06,"2015-09-30":552.61}],["Operating Profit",{"2016-06-30":291.03,"2016-12-31":277.97,"2017-03-31":255.37,"2017-06-30":216.21,"2015-06-30":109.87,"2015-03-31":140.71,"2017-09-30":304.9,"2015-12-31":162.52,"2016-03-31":218.05,"2017-12-31":289.99,"2016-09-30":307.49,"2015-09-30":256.18}],["OPM",{"2016-06-30":30.89,"2016-12-31":31.01,"2017-03-31":25.46,"2017-06-30":21.37,"2015-06-30":12.84,"2015-03-31":15.75,"2017-09-30":27.36,"2015-12-31":23.26,"2016-03-31":25.05,"2017-12-31":26.21,"2016-09-30":32.52,"2015-09-30":31.67}],["Other Income",{"2016-06-30":20.69,"2016-12-31":63.16,"2017-03-31":61.72,"2017-06-30":92.27,"2015-06-30":111.74,"2015-03-31":157.05,"2017-09-30":82.5,"2015-12-31":64.45,"2016-03-31":70.82,"2017-12-31":77.74,"2016-09-30":103.54,"2015-09-30":-6.37}],["Depreciation",{"2016-06-30":77.47,"2016-12-31":78.79,"2017-03-31":75.08,"2017-06-30":75.5,"2015-06-30":64.39,"2015-03-31":57.17,"2017-09-30":77.66,"2015-12-31":76.42,"2016-03-31":71.48,"2017-12-31":79.92,"2016-09-30":72.49,"2015-09-30":69.88}],["Interest",{"2016-06-30":6.58,"2016-12-31":4.9,"2017-03-31":5.27,"2017-06-30":5.14,"2015-06-30":9.65,"2015-03-31":8.27,"2017-09-30":2.6,"2015-12-31":14.31,"2016-03-31":6.8,"2017-12-31":1.89,"2016-09-30":4.69,"2015-09-30":8.89}],["Profit before tax",{"2016-06-30":227.67,"2016-12-31":257.44,"2017-03-31":236.74,"2017-06-30":227.84,"2015-06-30":147.57,"2015-03-31":232.32,"2017-09-30":307.14,"2015-12-31":136.24,"2016-03-31":210.59,"2017-12-31":285.92,"2016-09-30":333.85,"2015-09-30":171.04}],["Tax",{"2016-06-30":78.61,"2016-12-31":71.75,"2017-03-31":99.27,"2017-06-30":74.7,"2015-06-30":45.93,"2015-03-31":78.02,"2017-09-30":104.16,"2015-12-31":40.61,"2016-03-31":75.54,"2017-12-31":96.42,"2016-09-30":90.93,"2015-09-30":64.81}],["Net Profit",{"2016-06-30":149.06,"2016-12-31":185.69,"2017-03-31":137.47,"2017-06-30":153.14,"2015-06-30":101.64,"2015-03-31":154.3,"2017-09-30":202.98,"2015-12-31":95.63,"2016-03-31":135.05,"2017-12-31":189.5,"2016-09-30":242.92,"2015-09-30":106.23}]]},"bse_code":"502355","short_name":"Balkrishna Inds","nse_code":"BALKRISIND","companyrating_set":[{"rating__rating":"CRISIL AA-(Stable)","instrument":"Cash Credit Limit","rating__source":"crisil","link":"http://www.crisil.com/ratings/company-wise-ratings.jsp?txtSearch=Balkrishna Industries Ltd"},{"rating__rating":"CRISIL A1+","instrument":"Letter of Credit and Bank Guarantee","rating__source":"crisil","link":"http://www.crisil.com/ratings/company-wise-ratings.jsp?txtSearch=Balkrishna Industries Ltd"},{"rating__rating":"CRISIL A1+","instrument":"Packing Credits","rating__source":"crisil","link":"http://www.crisil.com/ratings/company-wise-ratings.jsp?txtSearch=Balkrishna Industries Ltd"}],"annualreport_set":[{"source":"bse","report_date":2017,"link":"http://www.bseindia.com/bseplus/AnnualReport/502355/5023550317.pdf"},{"source":"bse","report_date":2016,"link":"http://www.bseindia.com/bseplus/AnnualReport/502355/5023550316.pdf"},{"source":"bse","report_date":2015,"link":"http://www.bseindia.com/bseplus/AnnualReport/502355/5023550315.pdf"},{"source":"bse","report_date":2014,"link":"http://www.bseindia.com/bseplus/AnnualReport/502355/5023550314.pdf"},{"source":"bse","report_date":2013,"link":"http://www.bseindia.com/bseplus/annualreport/502355/5023550313.pdf"},{"source":"nse","report_date":2013,"link":"http://nseindia.com/annual_reports/AR_1341_BALKRISIND_2012_2013_03092013085749.zip"},{"source":"bse","report_date":2012,"link":"http://www.bseindia.com/bseplus/annualreport/502355/5023550312.PDF"},{"source":"bse","report_date":2011,"link":"http://www.bseindia.com/bseplus/annualreport/502355/5023550311.pdf"},{"source":"nse","report_date":2011,"link":"http://nseindia.com/annual_reports/AR_BALKRISIND_2010_2011_18072011150000.zip"},{"source":"bse","report_date":2010,"link":"http://www.bseindia.com/bseplus/annualreport/502355/5023550310.pdf"},{"source":"nse","report_date":2010,"link":"http://nseindia.com/annual_reports/AR_BALKRISIND_2009_2010_18082010121500.zip"}],"announcement_set":[{"ann_date":"20 Mar 2018","announcement":"Announcement under Regulation 30 (LODR)-Analyst / Investor Meet - Intimation","link":"https://www.bseindia.com/corporates/anndet_new.aspx?newsid=a6ecda4f-3210-45ac-98ee-d77edb507bc5"},{"ann_date":"12 Mar 2018","announcement":"Announcement under Regulation 30 (LODR)-Analyst / Investor Meet - Intimation","link":"https://www.bseindia.com/corporates/anndet_new.aspx?newsid=2b08b725-fa3b-400f-8f15-6285608983b0"},{"ann_date":"24 Feb 2018","announcement":"Announcement under Regulation 30 (LODR)-Analyst / Investor Meet - Intimation","link":"https://www.bseindia.com/corporates/anndet_new.aspx?newsid=0e55f2b3-24c1-433c-8bb2-8577299b5e62"},{"ann_date":"21 Feb 2018","announcement":"Corporate Action-Updates on Amalgamation/ Merger / Demerger","link":"https://www.bseindia.com/corporates/anndet_new.aspx?newsid=daf5c4eb-3e44-49a9-aa90-d76e788f079d"},{"ann_date":"19 Feb 2018","announcement":"Announcement under Regulation 30 (LODR)-Analyst / Investor Meet - Intimation","link":"https://www.bseindia.com/corporates/anndet_new.aspx?newsid=4df02b3b-ee77-4da9-8ef1-add1a8b689c6"}],"warehouse_set":{"high_price":1274.2,"low_price":692.55,"sales_growth":15.9,"current_price":1223.25,"dividend_yield":0.33,"face_value":2.0,"id":3201,"sales_growth_3years":1.42,"profit_growth_5years":21.39,"average_return_on_equity_3years":20.79,"book_value":211.79,"status":"Active","pair_url":"/company/BALKRISIND/consolidated","sales_growth_10years":15.87,"average_return_on_equity_10years":23.38,"profit_growth":-4.16,"market_capitalization":23647.53,"profit_growth_10years":23.61,"price_to_earning":34.62,"industry":"Auto Tyres & Rubber Products","analysis":{"remarks":[],"bad":["The company has delivered a poor growth of 5.76% over past five years."],"good":["Company has reduced debt.","Promoter's stake has increased"]},"result_type":"sa","profit_growth_3years":13.14,"sales_growth_5years":5.76,"return_on_equity":22.35,"average_return_on_equity_5years":23.09},"id":383,"name":"Balkrishna Industries Ltd"}
