{"prime":"sa","number_set":{"balancesheet":[["Share Capital",{"2008-03-31":365.53,"2016-03-31":462.09,"2014-03-31":430.68,"2011-03-31":392.81,"2015-03-31":443.56,"2013-03-31":422.52,"2006-03-31":365.53,"2012-03-31":412.38,"2017-03-31":462.09,"2010-03-31":365.53,"2009-03-31":365.53,"2007-03-31":365.53}],["Reserves",{"2008-03-31":10678.4,"2016-03-31":39736.89,"2014-03-31":34502.39,"2011-03-31":19408.24,"2015-03-31":38404.49,"2013-03-31":30442.66,"2006-03-31":7478.91,"2012-03-31":25890.79,"2017-03-31":39841.16,"2010-03-31":14740.86,"2009-03-31":12514.19,"2007-03-31":8284.41}],["Borrowings",{"2008-03-31":155961.18,"2016-03-31":607509.57,"2014-03-31":605707.36,"2011-03-31":327747.34,"2015-03-31":652823.8,"2013-03-31":500462.62,"2006-03-31":98464.19,"2012-03-31":408444.15,"2017-03-31":632286.61,"2010-03-31":254612.0,"2009-03-31":205164.86,"2007-03-31":126058.54}],["Other Liabilities",{"2008-03-31":12594.41,"2016-03-31":23667.93,"2014-03-31":18864.1,"2011-03-31":10848.79,"2015-03-31":23316.7,"2013-03-31":15807.64,"2006-03-31":7083.9,"2012-03-31":12574.14,"2017-03-31":22285.57,"2010-03-31":8598.31,"2009-03-31":8627.66,"2007-03-31":8437.7}],["Total Liabilities",{"2008-03-31":179599.52,"2016-03-31":671376.48,"2014-03-31":659504.53,"2011-03-31":358397.18,"2015-03-31":714988.55,"2013-03-31":547135.44,"2006-03-31":113392.53,"2012-03-31":447321.46,"2017-03-31":694875.43,"2010-03-31":278316.7,"2009-03-31":226672.24,"2007-03-31":143146.18}],["Fixed Assets",{"2008-03-31":2427.01,"2016-03-31":6253.78,"2014-03-31":2734.12,"2011-03-31":2299.72,"2015-03-31":2874.85,"2013-03-31":2453.12,"2006-03-31":920.73,"2012-03-31":2341.5,"2017-03-31":5758.37,"2010-03-31":2284.76,"2009-03-31":2309.72,"2007-03-31":1088.81}],["CWIP",{"2008-03-31":0.0,"2016-03-31":0.0,"2014-03-31":0.0,"2011-03-31":0.0,"2015-03-31":0.0,"2013-03-31":0.0,"2006-03-31":0.0,"2012-03-31":0.0,"2017-03-31":0.0,"2010-03-31":0.0,"2009-03-31":0.0,"2007-03-31":0.0}],["Investments",{"2008-03-31":43870.07,"2016-03-31":120450.52,"2014-03-31":116112.66,"2011-03-31":71396.59,"2015-03-31":116812.24,"2013-03-31":121393.72,"2006-03-31":35114.22,"2012-03-31":83209.4,"2017-03-31":129630.54,"2010-03-31":61182.37,"2009-03-31":52445.88,"2007-03-31":34943.63}],["Other Assets",{"2008-03-31":133302.44,"2016-03-31":544672.18,"2014-03-31":540657.75,"2011-03-31":284700.87,"2015-03-31":595301.46,"2013-03-31":423288.6,"2006-03-31":77357.58,"2012-03-31":361770.56,"2017-03-31":559486.52,"2010-03-31":214849.57,"2009-03-31":171916.64,"2007-03-31":107113.74}],["Total Assets",{"2008-03-31":179599.52,"2016-03-31":671376.48,"2014-03-31":659504.53,"2011-03-31":358397.18,"2015-03-31":714988.55,"2013-03-31":547135.44,"2006-03-31":113392.53,"2012-03-31":447321.46,"2017-03-31":694875.43,"2010-03-31":278316.7,"2009-03-31":226672.24,"2007-03-31":143146.18}]],"annual":[["Sales",{"2008-03-31":11813.48,"2016-03-31":44061.28,"2014-03-31":38939.71,"2011-03-31":21885.91,"2015-03-31":42963.56,"2013-03-31":35196.65,"2006-03-31":7049.95,"2012-03-31":29673.72,"2017-03-31":42199.93,"2010-03-31":16698.34,"2009-03-31":15091.58,"2007-03-31":9004.09}],["Expenses",{"2008-03-31":3551.36,"2016-03-31":23935.46,"2014-03-31":10585.75,"2011-03-31":5718.08,"2015-03-31":11828.23,"2013-03-31":9814.03,"2006-03-31":3565.76,"2012-03-31":7436.97,"2017-03-31":17287.42,"2010-03-31":4276.92,"2009-03-31":4334.5,"2007-03-31":3163.02}],["Operating Profit",{"2008-03-31":8262.12,"2016-03-31":20125.82,"2014-03-31":28353.96,"2011-03-31":16167.83,"2015-03-31":31135.33,"2013-03-31":25382.62,"2006-03-31":3484.19,"2012-03-31":22236.75,"2017-03-31":24912.51,"2010-03-31":12421.42,"2009-03-31":10757.08,"2007-03-31":5841.07}],["OPM",{"2008-03-31":69.94,"2016-03-31":45.68,"2014-03-31":72.82,"2011-03-31":73.87,"2015-03-31":72.47,"2013-03-31":72.12,"2006-03-31":49.42,"2012-03-31":74.94,"2017-03-31":59.03,"2010-03-31":74.39,"2009-03-31":71.28,"2007-03-31":64.87}],["Other Income",{"2008-03-31":2078.7,"2016-03-31":4998.86,"2014-03-31":4462.74,"2011-03-31":2809.19,"2015-03-31":4402.0,"2013-03-31":3630.62,"2006-03-31":1394.05,"2012-03-31":3422.33,"2017-03-31":6758.06,"2010-03-31":2806.36,"2009-03-31":2784.53,"2007-03-31":1434.03}],["Interest",{"2008-03-31":7901.67,"2016-03-31":31321.43,"2014-03-31":26974.36,"2011-03-31":13083.66,"2015-03-31":29776.32,"2013-03-31":23881.39,"2006-03-31":3875.09,"2012-03-31":19356.71,"2017-03-31":28686.52,"2010-03-31":10758.86,"2009-03-31":9968.17,"2007-03-31":5426.56}],["Depreciation",{"2008-03-31":232.0,"2016-03-31":501.33,"2014-03-31":345.03,"2011-03-31":243.04,"2015-03-31":340.39,"2013-03-31":300.64,"2006-03-31":111.13,"2012-03-31":276.57,"2017-03-31":511.35,"2010-03-31":230.86,"2009-03-31":230.5,"2007-03-31":194.28}],["Profit before tax",{"2008-03-31":2207.15,"2016-03-31":-6698.07,"2014-03-31":5497.31,"2011-03-31":5650.32,"2015-03-31":5420.61,"2013-03-31":4831.23,"2006-03-31":892.02,"2012-03-31":6025.8,"2017-03-31":2472.7,"2010-03-31":4238.06,"2009-03-31":3342.94,"2007-03-31":1654.26}],["Tax",{"2008-03-31":771.63,"2016-03-31":-1302.53,"2014-03-31":956.23,"2011-03-31":1408.64,"2015-03-31":2022.17,"2013-03-31":350.51,"2006-03-31":65.06,"2012-03-31":1018.84,"2017-03-31":1089.56,"2010-03-31":1179.73,"2009-03-31":1115.74,"2007-03-31":627.8}],["Net Profit",{"2008-03-31":1435.52,"2016-03-31":-5395.54,"2014-03-31":4541.08,"2011-03-31":4241.68,"2015-03-31":3398.44,"2013-03-31":4480.72,"2006-03-31":826.96,"2012-03-31":5006.96,"2017-03-31":1383.14,"2010-03-31":3058.33,"2009-03-31":2227.2,"2007-03-31":1026.46}],["EPS (unadj)",{"2008-03-31":37.92,"2016-03-31":0.0,"2014-03-31":101.78,"2011-03-31":105.3,"2015-03-31":14.68,"2013-03-31":102.47,"2006-03-31":21.92,"2012-03-31":118.72,"2017-03-31":5.99,"2010-03-31":81.18,"2009-03-31":59.44,"2007-03-31":27.15}],["Dividend Payout",{"2008-03-31":20.45,"2016-03-31":-0.0,"2014-03-31":20.46,"2011-03-31":15.34,"2015-03-31":20.95,"2013-03-31":20.34,"2006-03-31":22.19,"2012-03-31":14.05,"2017-03-31":20.11,"2010-03-31":18.0,"2009-03-31":14.83,"2007-03-31":21.45}]],"cashflow":[["Cash from Operating Activity",{"2008-03-31":2153.34,"2016-03-31":-9841.66,"2014-03-31":41016.38,"2011-03-31":11778.81,"2015-03-31":18021.05,"2013-03-31":22793.08,"2006-03-31":2067.91,"2012-03-31":14406.5,"2017-03-31":17193.86,"2010-03-31":11252.45,"2009-03-31":1125.47,"2007-03-31":5153.94}],["Cash from Investing Activity",{"2008-03-31":-235.13,"2016-03-31":-3995.41,"2014-03-31":-688.7,"2011-03-31":-489.76,"2015-03-31":-539.37,"2013-03-31":-772.45,"2006-03-31":161.04,"2012-03-31":-337.38,"2017-03-31":-426.04,"2010-03-31":-335.01,"2009-03-31":-238.93,"2007-03-31":-307.65}],["Cash from Financing Activity",{"2008-03-31":2100.71,"2016-03-31":-615.73,"2014-03-31":5151.33,"2011-03-31":3177.96,"2015-03-31":-6.44,"2013-03-31":-790.27,"2006-03-31":1971.49,"2012-03-31":165.35,"2017-03-31":-198.26,"2010-03-31":462.5,"2009-03-31":901.29,"2007-03-31":-20.56}],["Net Cash Flow",{"2008-03-31":4018.92,"2016-03-31":-14452.8,"2014-03-31":45479.01,"2011-03-31":14467.01,"2015-03-31":17475.24,"2013-03-31":21230.36,"2006-03-31":4200.44,"2012-03-31":14234.47,"2017-03-31":16569.56,"2010-03-31":11379.94,"2009-03-31":1787.83,"2007-03-31":4825.73}]],"quarters":[["Sales",{"2016-06-30":10433.52,"2016-12-31":10406.08,"2017-03-31":10875.16,"2017-06-30":10552.71,"2015-06-30":11276.49,"2015-03-31":10761.93,"2017-09-30":10753.33,"2015-12-31":10614.04,"2016-03-31":11014.38,"2017-12-31":11303.24,"2016-09-30":10485.17,"2015-09-30":11156.36}],["Expenses",{"2016-06-30":4150.06,"2016-12-31":4393.61,"2017-03-31":5161.94,"2017-06-30":4676.04,"2015-06-30":2824.64,"2015-03-31":3591.1,"2017-09-30":4745.1,"2015-12-31":8278.66,"2016-03-31":9390.29,"2017-12-31":5843.47,"2016-09-30":4093.17,"2015-09-30":3943.19}],["Operating Profit",{"2016-06-30":6283.46,"2016-12-31":6012.47,"2017-03-31":5713.22,"2017-06-30":5876.67,"2015-06-30":8451.85,"2015-03-31":7170.83,"2017-09-30":6008.23,"2015-12-31":2335.38,"2016-03-31":1624.09,"2017-12-31":5459.77,"2016-09-30":6392.0,"2015-09-30":7213.17}],["OPM",{"2016-06-30":60.22,"2016-12-31":57.78,"2017-03-31":52.53,"2017-06-30":55.69,"2015-06-30":74.95,"2015-03-31":66.63,"2017-09-30":55.87,"2015-12-31":22.0,"2016-03-31":14.75,"2017-12-31":48.3,"2016-09-30":60.96,"2015-09-30":64.66}],["Other Income",{"2016-06-30":1444.39,"2016-12-31":1774.96,"2017-03-31":1977.28,"2017-06-30":1551.15,"2015-06-30":967.23,"2015-03-31":1295.46,"2017-09-30":1737.06,"2015-12-31":1112.91,"2016-03-31":1774.68,"2017-12-31":1673.04,"2016-09-30":1561.43,"2015-09-30":1144.04}],["Depreciation",{"2016-06-30":0.0,"2016-12-31":0.0,"2017-03-31":0.0,"2017-06-30":0.0,"2015-06-30":0.0,"2015-03-31":0.0,"2017-09-30":0.0,"2015-12-31":0.0,"2016-03-31":0.0,"2017-12-31":0.0,"2016-09-30":0.0,"2015-09-30":0.0}],["Interest",{"2016-06-30":7062.43,"2016-12-31":7271.72,"2017-03-31":7293.3,"2017-06-30":7147.76,"2015-06-30":7816.87,"2015-03-31":7590.26,"2017-09-30":7032.8,"2015-12-31":7908.7,"2016-03-31":7683.97,"2017-12-31":6909.21,"2016-09-30":7059.07,"2015-09-30":7911.89}],["Profit before tax",{"2016-06-30":665.42,"2016-12-31":515.71,"2017-03-31":397.2,"2017-06-30":280.06,"2015-06-30":1602.21,"2015-03-31":876.03,"2017-09-30":712.49,"2015-12-31":-4460.41,"2016-03-31":-4285.2,"2017-12-31":223.6,"2016-09-30":894.36,"2015-09-30":445.32}],["Tax",{"2016-06-30":241.8,"2016-12-31":263.04,"2017-03-31":242.48,"2017-06-30":76.67,"2015-06-30":550.06,"2015-03-31":277.68,"2017-09-30":357.13,"2015-12-31":-1118.37,"2016-03-31":-1055.06,"2017-12-31":111.82,"2016-09-30":342.24,"2015-09-30":320.84}],["Net Profit",{"2016-06-30":423.62,"2016-12-31":252.67,"2017-03-31":154.72,"2017-06-30":203.39,"2015-06-30":1052.15,"2015-03-31":598.35,"2017-09-30":355.36,"2015-12-31":-3342.04,"2016-03-31":-3230.14,"2017-12-31":111.78,"2016-09-30":552.12,"2015-09-30":124.48}]]},"bse_code":"532134","short_name":"Bank of Baroda","nse_code":"BANKBARODA","companyrating_set":[{"rating__rating":"CGR2","instrument":"Corporate Governance Rating-CGR","rating__source":"icra","link":"http://icra.in/search.aspx?word=Bank of Baroda"},{"rating__rating":"[ICRA]AAA(Stable)","instrument":"Financial Sector Rating-Long Term","rating__source":"icra","link":"http://icra.in/search.aspx?word=Bank of Baroda"},{"rating__rating":"[ICRA]AAA(hyb) (Stable)","instrument":"Financial Sector Rating-Long Term","rating__source":"icra","link":"http://icra.in/search.aspx?word=Bank of Baroda"},{"rating__rating":"MAAA(stable)","instrument":"Financial Sector Rating-Medium Term","rating__source":"icra","link":"http://icra.in/search.aspx?word=Bank of Baroda"},{"rating__rating":"[ICRA]A1+","instrument":"Financial Sector Rating-Short Term","rating__source":"icra","link":"http://icra.in/search.aspx?word=Bank of Baroda"},{"rating__rating":"IND AAA(Stable)","instrument":"Long Term Rating","rating__source":"fitch","link":"http://www.indiaratings.co.in/search/search.jsp?q=Bank of Baroda"},{"rating__rating":"CRISIL AAA(Stable)","instrument":"Lower Tier-II Bonds (under Basel II)(LT)","rating__source":"crisil","link":"http://www.crisil.com/ratings/company-wise-ratings.jsp?txtSearch=Bank of Baroda"},{"rating__rating":"CARE AA+","instrument":"LT InstrumentsBonds","rating__source":"care","link":"http://google.com/search?btnI=1&q=Bank of Baroda+site:careratings.com"},{"rating__rating":"CARE AAA","instrument":"LT InstrumentsBonds","rating__source":"care","link":"http://google.com/search?btnI=1&q=Bank of Baroda+site:careratings.com"},{"rating__rating":"CRISIL AAA(Stable)","instrument":"Perpetual Tier-I Bonds (under Basel II)(LT)","rating__source":"crisil","link":"http://www.crisil.com/ratings/company-wise-ratings.jsp?txtSearch=Bank of Baroda"},{"rating__rating":"IND A1+(Stable)","instrument":"Short Term","rating__source":"fitch","link":"http://www.indiaratings.co.in/search/search.jsp?q=Bank of Baroda"},{"rating__rating":"IND tAAA(Stable)","instrument":"Term Deposit","rating__source":"fitch","link":"http://www.indiaratings.co.in/search/search.jsp?q=Bank of Baroda"},{"rating__rating":"CRISIL AAA(Stable)","instrument":"Tier II Bonds (Under Basel III)","rating__source":"crisil","link":"http://www.crisil.com/ratings/company-wise-ratings.jsp?txtSearch=Bank of Baroda"},{"rating__rating":"BWR AAA(Stable)","instrument":"Upper Tier II Capital Bonds  1000 Crore","rating__source":"brickworks","link":"http://google.com/search?btnI=1&q=Bank of Baroda+site:brickworkratings.com"},{"rating__rating":"CRISIL AAA(Stable)","instrument":"Upper Tier-II Bonds (under Basel II)(LT)","rating__source":"crisil","link":"http://www.crisil.com/ratings/company-wise-ratings.jsp?txtSearch=Bank of Baroda"}],"annualreport_set":[{"source":"bse","report_date":2017,"link":"http://www.bseindia.com/bseplus/AnnualReport/532134/5321340317.pdf"},{"source":"bse","report_date":2016,"link":"http://www.bseindia.com/bseplus/AnnualReport/532134/5321340316.pdf"},{"source":"bse","report_date":2015,"link":"http://www.bseindia.com/bseplus/AnnualReport/532134/5321340315.pdf"},{"source":"bse","report_date":2014,"link":"http://www.bseindia.com/bseplus/AnnualReport/532134/5321340314.pdf"},{"source":"bse","report_date":2013,"link":"http://www.bseindia.com/bseplus/annualreport/532134/5321340313.pdf"},{"source":"bse","report_date":2012,"link":"http://www.bseindia.com/bseplus/annualreport/532134/5321340312.pdf"},{"source":"bse","report_date":2011,"link":"http://www.bseindia.com/bseplus/annualreport/532134/5321340311.pdf"},{"source":"bse","report_date":2010,"link":"http://www.bseindia.com/bseplus/annualreport/532134/532134_2009-10.pdf"},{"source":"nse","report_date":2010,"link":"http://nseindia.com/annual_reports/AR_BANKBARODA_2009_2010_18082010121500.zip"}],"announcement_set":[{"ann_date":"06 Apr 2018","announcement":"Revision in Marginal Cost of Funds Based Lending Rate (MCLR)","link":"https://www.bseindia.com/corporates/anndet_new.aspx?newsid=b9768e09-761c-4cb8-86a3-932a3feca754"},{"ann_date":"05 Apr 2018","announcement":"Bank of Baroda reply to clarification sought by the exchange","link":"https://www.bseindia.com/corporates/anndet_new.aspx?newsid=c1d9b33d-501b-42d8-95dd-d3a5c403b1f8"},{"ann_date":"05 Apr 2018","announcement":"Change in GOI Nominee Director","link":"https://www.bseindia.com/corporates/anndet_new.aspx?newsid=484b695e-ca45-4ebf-a11e-9c80e5e88bd5"},{"ann_date":"04 Apr 2018","announcement":"Clarification sought from Bank of Baroda","link":"https://www.bseindia.com/corporates/anndet_new.aspx?newsid=cdd01e09-ba61-45ab-b6bf-890bc8c5c3e5"},{"ann_date":"04 Apr 2018","announcement":"Statement Of Investor Complaints For The Quarter Ended March 2018","link":"https://www.bseindia.com/corporates/anndet_new.aspx?newsid=d7690be7-5c57-487e-a2e6-61c974a9760a"}],"warehouse_set":{"high_price":206.65,"low_price":128.1,"sales_growth":2.7,"current_price":150.4,"dividend_yield":0.7,"face_value":2.0,"id":1767,"sales_growth_3years":2.72,"profit_growth_5years":-23.69,"average_return_on_equity_3years":-0.51,"book_value":154.88,"status":"Active","pair_url":"/company/BANKBARODA/consolidated","sales_growth_10years":15.19,"average_return_on_equity_10years":9.51,"profit_growth":141.23,"market_capitalization":39788.56,"profit_growth_10years":-1.05,"price_to_earning":48.21,"industry":"Banks","analysis":{"remarks":[],"bad":["Company has low interest coverage ratio.","The company has delivered a poor growth of 7.30% over past five years.","Company has a low return on equity of -0.51% for last 3 years.","Contingent liabilities of Rs.290118.38 Cr.","Company might be capitalizing the interest cost","Dividend payout has been low at 9.73% of profits over last 3 years"],"good":["Stock is trading at 0.97 times its book value"]},"result_type":"sa","profit_growth_3years":-34.0,"sales_growth_5years":7.3,"return_on_equity":3.24,"average_return_on_equity_5years":4.89},"id":395,"name":"Bank of Baroda"}
