{"prime":"sa","number_set":{"balancesheet":[["Share Capital",{"2008-03-31":525.91,"2016-03-31":817.29,"2014-03-31":643.0,"2011-03-31":547.22,"2015-03-31":665.65,"2013-03-31":596.64,"2006-03-31":488.14,"2012-03-31":574.52,"2017-03-31":1055.43,"2010-03-31":525.91,"2009-03-31":525.91,"2007-03-31":488.14}],["Reserves",{"2008-03-31":8300.38,"2016-03-31":24189.52,"2014-03-31":25537.9,"2011-03-31":15423.99,"2015-03-31":27225.94,"2013-03-31":22139.38,"2006-03-31":4338.4,"2012-03-31":19151.38,"2017-03-31":24023.01,"2010-03-31":12275.46,"2009-03-31":11258.72,"2007-03-31":5257.75}],["Borrowings",{"2008-03-31":157184.43,"2016-03-31":564087.66,"2014-03-31":525401.56,"2011-03-31":320907.18,"2015-03-31":571963.77,"2013-03-31":417207.17,"2006-03-31":99825.94,"2012-03-31":350330.25,"2017-03-31":579437.68,"2010-03-31":252161.84,"2009-03-31":205381.66,"2007-03-31":126502.57}],["Other Liabilities",{"2008-03-31":12849.91,"2016-03-31":22666.36,"2014-03-31":21607.74,"2011-03-31":14294.16,"2015-03-31":18842.4,"2013-03-31":12659.53,"2006-03-31":7633.74,"2012-03-31":14479.32,"2017-03-31":23936.97,"2010-03-31":10003.25,"2009-03-31":8765.35,"2007-03-31":9598.55}],["Total Liabilities",{"2008-03-31":178860.63,"2016-03-31":611760.83,"2014-03-31":573190.2,"2011-03-31":351172.55,"2015-03-31":618697.76,"2013-03-31":452602.72,"2006-03-31":112286.22,"2012-03-31":384535.47,"2017-03-31":628453.09,"2010-03-31":274966.46,"2009-03-31":225931.64,"2007-03-31":141847.01}],["Fixed Assets",{"2008-03-31":2399.15,"2016-03-31":8289.78,"2014-03-31":5643.5,"2011-03-31":2365.93,"2015-03-31":5772.91,"2013-03-31":2778.93,"2006-03-31":799.29,"2012-03-31":2722.95,"2017-03-31":8265.32,"2010-03-31":2286.74,"2009-03-31":2421.48,"2007-03-31":777.89}],["CWIP",{"2008-03-31":26.92,"2016-03-31":190.53,"2014-03-31":142.56,"2011-03-31":114.81,"2015-03-31":112.62,"2013-03-31":91.2,"2006-03-31":10.68,"2012-03-31":48.64,"2017-03-31":196.54,"2010-03-31":65.07,"2009-03-31":110.45,"2007-03-31":11.41}],["Investments",{"2008-03-31":41802.88,"2016-03-31":118848.91,"2014-03-31":114152.44,"2011-03-31":85872.42,"2015-03-31":119792.05,"2013-03-31":94613.43,"2006-03-31":31781.75,"2012-03-31":86753.59,"2017-03-31":127826.86,"2010-03-31":67080.18,"2009-03-31":52607.18,"2007-03-31":35492.76}],["Other Assets",{"2008-03-31":134631.68,"2016-03-31":484431.61,"2014-03-31":453251.7,"2011-03-31":262819.39,"2015-03-31":493020.18,"2013-03-31":355119.16,"2006-03-31":79694.5,"2012-03-31":295010.29,"2017-03-31":492164.37,"2010-03-31":205534.47,"2009-03-31":170792.53,"2007-03-31":105564.95}],["Total Assets",{"2008-03-31":178860.63,"2016-03-31":611760.83,"2014-03-31":573190.2,"2011-03-31":351172.55,"2015-03-31":618697.76,"2013-03-31":452602.72,"2006-03-31":112286.22,"2012-03-31":384535.47,"2017-03-31":628453.09,"2010-03-31":274966.46,"2009-03-31":225931.64,"2007-03-31":141847.01}]],"annual":[["Sales",{"2008-03-31":12355.22,"2016-03-31":41796.47,"2014-03-31":37910.1,"2011-03-31":21751.72,"2015-03-31":43429.91,"2013-03-31":31908.93,"2006-03-31":7028.7,"2012-03-31":28480.67,"2017-03-31":39290.85,"2010-03-31":17877.99,"2009-03-31":16347.36,"2007-03-31":8936.28}],["Expenses",{"2008-03-31":3588.36,"2016-03-31":22881.67,"2014-03-31":11349.46,"2011-03-31":6816.53,"2015-03-31":13495.89,"2013-03-31":9598.43,"2006-03-31":2803.97,"2012-03-31":7890.26,"2017-03-31":20983.44,"2010-03-31":5777.46,"2009-03-31":4316.97,"2007-03-31":3373.83}],["Operating Profit",{"2008-03-31":8766.86,"2016-03-31":18914.8,"2014-03-31":26560.64,"2011-03-31":14935.19,"2015-03-31":29934.02,"2013-03-31":22310.5,"2006-03-31":4224.73,"2012-03-31":20590.41,"2017-03-31":18307.41,"2010-03-31":12100.53,"2009-03-31":12030.39,"2007-03-31":5562.45}],["OPM",{"2008-03-31":70.96,"2016-03-31":45.25,"2014-03-31":70.06,"2011-03-31":68.66,"2015-03-31":68.92,"2013-03-31":69.92,"2006-03-31":60.11,"2012-03-31":72.3,"2017-03-31":46.59,"2010-03-31":67.68,"2009-03-31":73.59,"2007-03-31":62.25}],["Other Income",{"2008-03-31":2116.93,"2016-03-31":3652.54,"2014-03-31":4291.84,"2011-03-31":2641.78,"2015-03-31":4232.7,"2013-03-31":3766.04,"2006-03-31":1184.38,"2012-03-31":3321.17,"2017-03-31":6772.33,"2010-03-31":2616.63,"2009-03-31":3051.86,"2007-03-31":1562.96}],["Interest",{"2008-03-31":8125.95,"2016-03-31":30071.85,"2014-03-31":27079.57,"2011-03-31":13941.03,"2015-03-31":32086.25,"2013-03-31":22884.93,"2006-03-31":4396.72,"2012-03-31":20167.23,"2017-03-31":27464.74,"2010-03-31":12122.04,"2009-03-31":10848.45,"2007-03-31":5495.82}],["Depreciation",{"2008-03-31":73.13,"2016-03-31":286.26,"2014-03-31":227.87,"2011-03-31":140.55,"2015-03-31":285.42,"2013-03-31":183.89,"2006-03-31":96.73,"2012-03-31":166.83,"2017-03-31":-12.47,"2010-03-31":101.29,"2009-03-31":69.37,"2007-03-31":96.73}],["Profit before tax",{"2008-03-31":2684.71,"2016-03-31":-7790.77,"2014-03-31":3545.05,"2011-03-31":3495.39,"2015-03-31":1795.05,"2013-03-31":3007.73,"2006-03-31":915.66,"2012-03-31":3577.52,"2017-03-31":-2372.52,"2010-03-31":2493.83,"2009-03-31":4164.43,"2007-03-31":1532.86}],["Tax",{"2008-03-31":675.31,"2016-03-31":-1701.56,"2014-03-31":815.78,"2011-03-31":1006.68,"2015-03-31":86.13,"2013-03-31":258.39,"2006-03-31":214.22,"2012-03-31":900.0,"2017-03-31":-814.21,"2010-03-31":752.76,"2009-03-31":1157.08,"2007-03-31":409.69}],["Net Profit",{"2008-03-31":2009.4,"2016-03-31":-6089.21,"2014-03-31":2729.27,"2011-03-31":2488.71,"2015-03-31":1708.92,"2013-03-31":2749.35,"2006-03-31":701.44,"2012-03-31":2677.52,"2017-03-31":-1558.31,"2010-03-31":1741.07,"2009-03-31":3007.35,"2007-03-31":1123.17}],["EPS (unadj)",{"2008-03-31":37.53,"2016-03-31":0.0,"2014-03-31":41.61,"2011-03-31":44.36,"2015-03-31":24.67,"2013-03-31":44.4,"2006-03-31":13.95,"2012-03-31":45.49,"2017-03-31":0.0,"2010-03-31":31.96,"2009-03-31":55.84,"2007-03-31":22.48}],["Dividend Payout",{"2008-03-31":10.48,"2016-03-31":-0.0,"2014-03-31":11.79,"2011-03-31":15.4,"2015-03-31":19.49,"2013-03-31":21.72,"2006-03-31":20.9,"2012-03-31":15.03,"2017-03-31":-0.0,"2010-03-31":21.16,"2009-03-31":14.0,"2007-03-31":15.23}]],"cashflow":[["Cash from Operating Activity",{"2008-03-31":-565.02,"2016-03-31":22024.52,"2014-03-31":6424.5,"2011-03-31":5946.8,"2015-03-31":14533.21,"2013-03-31":20757.02,"2006-03-31":3380.52,"2012-03-31":-2030.33,"2017-03-31":-7477.58,"2010-03-31":8439.81,"2009-03-31":4018.39,"2007-03-31":5111.97}],["Cash from Investing Activity",{"2008-03-31":-183.33,"2016-03-31":-427.13,"2014-03-31":-623.51,"2011-03-31":-556.64,"2015-03-31":-806.87,"2013-03-31":-301.45,"2006-03-31":-99.63,"2012-03-31":-597.12,"2017-03-31":265.3,"2010-03-31":-224.72,"2009-03-31":-360.43,"2007-03-31":-67.53}],["Cash from Financing Activity",{"2008-03-31":1060.2,"2016-03-31":4863.7,"2014-03-31":745.44,"2011-03-31":689.7,"2015-03-31":1295.07,"2013-03-31":-330.97,"2006-03-31":638.84,"2012-03-31":28.72,"2017-03-31":3958.93,"2010-03-31":1253.78,"2009-03-31":385.91,"2007-03-31":915.12}],["Net Cash Flow",{"2008-03-31":311.85,"2016-03-31":26461.08,"2014-03-31":6546.43,"2011-03-31":6079.86,"2015-03-31":15021.41,"2013-03-31":20124.6,"2006-03-31":3919.73,"2012-03-31":-2598.73,"2017-03-31":-3253.35,"2010-03-31":9468.87,"2009-03-31":4043.87,"2007-03-31":5959.56}]],"quarters":[["Sales",{"2016-06-30":9425.93,"2016-12-31":9824.75,"2017-03-31":10581.69,"2017-06-30":9495.65,"2015-06-30":10818.59,"2015-03-31":11164.83,"2017-09-30":9894.09,"2015-12-31":10039.68,"2016-03-31":10501.32,"2017-12-31":9334.84,"2016-09-30":9458.48,"2015-09-30":10539.87}],["Expenses",{"2016-06-30":5129.93,"2016-12-31":4475.99,"2017-03-31":6831.32,"2017-06-30":4009.84,"2015-06-30":3563.77,"2015-03-31":4797.38,"2017-09-30":4334.87,"2015-12-31":5950.26,"2016-03-31":8076.92,"2017-12-31":7087.8,"2016-09-30":4533.75,"2015-09-30":5576.97}],["Operating Profit",{"2016-06-30":4296.0,"2016-12-31":5348.76,"2017-03-31":3750.37,"2017-06-30":5485.81,"2015-06-30":7254.82,"2015-03-31":6367.45,"2017-09-30":5559.22,"2015-12-31":4089.42,"2016-03-31":2424.4,"2017-12-31":2247.04,"2016-09-30":4924.73,"2015-09-30":4962.9}],["OPM",{"2016-06-30":45.58,"2016-12-31":54.44,"2017-03-31":35.44,"2017-06-30":57.77,"2015-06-30":67.06,"2015-03-31":57.03,"2017-09-30":56.19,"2015-12-31":40.73,"2016-03-31":23.09,"2017-12-31":24.07,"2016-09-30":52.07,"2015-09-30":47.09}],["Other Income",{"2016-06-30":1238.43,"2016-12-31":1769.25,"2017-03-31":1754.02,"2017-06-30":1610.96,"2015-06-30":840.57,"2015-03-31":1122.15,"2017-09-30":1706.38,"2015-12-31":1047.27,"2016-03-31":883.59,"2017-12-31":1041.19,"2016-09-30":2010.63,"2015-09-30":778.1}],["Depreciation",{"2016-06-30":0.0,"2016-12-31":0.0,"2017-03-31":0.0,"2017-06-30":0.0,"2015-06-30":0.0,"2015-03-31":0.0,"2017-09-30":0.0,"2015-12-31":0.0,"2016-03-31":0.0,"2017-12-31":0.0,"2016-09-30":0.0,"2015-09-30":0.0}],["Interest",{"2016-06-30":6650.76,"2016-12-31":6962.14,"2017-03-31":7113.11,"2017-06-30":6962.62,"2015-06-30":7905.91,"2015-03-31":8318.54,"2017-09-30":6985.85,"2015-12-31":7331.64,"2016-03-31":7314.16,"2017-12-31":6833.61,"2016-09-30":6738.74,"2015-09-30":7520.13}],["Profit before tax",{"2016-06-30":-1116.33,"2016-12-31":155.87,"2017-03-31":-1608.72,"2017-06-30":134.15,"2015-06-30":189.48,"2015-03-31":-828.94,"2017-09-30":279.75,"2015-12-31":-2194.95,"2016-03-31":-4006.17,"2017-12-31":-3545.38,"2016-09-30":196.62,"2015-09-30":-1779.13}],["Tax",{"2016-06-30":-374.97,"2016-12-31":54.15,"2017-03-31":-563.18,"2017-06-30":46.44,"2015-06-30":59.76,"2015-03-31":-772.8,"2017-09-30":100.68,"2015-12-31":-689.37,"2016-03-31":-419.06,"2017-12-31":-1204.18,"2016-09-30":69.78,"2015-09-30":-652.89}],["Net Profit",{"2016-06-30":-741.36,"2016-12-31":101.72,"2017-03-31":-1045.54,"2017-06-30":87.71,"2015-06-30":129.72,"2015-03-31":-56.14,"2017-09-30":179.07,"2015-12-31":-1505.58,"2016-03-31":-3587.11,"2017-12-31":-2341.2,"2016-09-30":126.84,"2015-09-30":-1126.24}]]},"bse_code":"532149","short_name":"Bank of India","nse_code":"BANKINDIA","companyrating_set":[{"rating__rating":"CRISIL A1+","instrument":"Certificate of Deposit","rating__source":"crisil","link":"http://www.crisil.com/ratings/company-wise-ratings.jsp?txtSearch=Bank of India"},{"rating__rating":"CGR2","instrument":"Corporate Governance Rating-CGR","rating__source":"icra","link":"http://icra.in/search.aspx?word=Bank of India"},{"rating__rating":"[ICRA]AAA (stable)","instrument":"Financial Sector Rating-Long Term","rating__source":"icra","link":"http://icra.in/search.aspx?word=Bank of India"},{"rating__rating":"MAAA","instrument":"Financial Sector Rating-Medium Term","rating__source":"icra","link":"http://icra.in/search.aspx?word=Bank of India"},{"rating__rating":"BWR AAA(Stable)","instrument":"Innovative Perpetual Debt Instrument 325 Crore","rating__source":"brickworks","link":"http://google.com/search?btnI=1&q=Bank of India+site:brickworkratings.com"},{"rating__rating":"BWR AAA(Stable)","instrument":"Innovative Perpetual Debt Instrument 400 Crore","rating__source":"brickworks","link":"http://google.com/search?btnI=1&q=Bank of India+site:brickworkratings.com"},{"rating__rating":"BWR AAA(Stable)","instrument":"Issuer Rating","rating__source":"brickworks","link":"http://google.com/search?btnI=1&q=Bank of India+site:brickworkratings.com"},{"rating__rating":"CRISIL AAA(Stable)","instrument":"Lower Tier II Bonds","rating__source":"crisil","link":"http://www.crisil.com/ratings/company-wise-ratings.jsp?txtSearch=Bank of India"},{"rating__rating":"CARE AAA","instrument":"LT InstrumentsBonds","rating__source":"care","link":"http://google.com/search?btnI=1&q=Bank of India+site:careratings.com"},{"rating__rating":"CRISIL AAA(Stable)","instrument":"Perpetual Tier I Bonds","rating__source":"crisil","link":"http://www.crisil.com/ratings/company-wise-ratings.jsp?txtSearch=Bank of India"},{"rating__rating":"BWR AAA(Stable)","instrument":"Proposed Tier I Bonds (under Basel III) 2500 Crore","rating__source":"brickworks","link":"http://google.com/search?btnI=1&q=Bank of India+site:brickworkratings.com"},{"rating__rating":"CRISIL AAA(Stable)","instrument":"Tier II Bond","rating__source":"crisil","link":"http://www.crisil.com/ratings/company-wise-ratings.jsp?txtSearch=Bank of India"},{"rating__rating":"CRISIL AAA(Stable)","instrument":"Upper Tier II Bonds","rating__source":"crisil","link":"http://www.crisil.com/ratings/company-wise-ratings.jsp?txtSearch=Bank of India"}],"annualreport_set":[{"source":"bse","report_date":2017,"link":"http://www.bseindia.com/bseplus/AnnualReport/532149/5321490317.pdf"},{"source":"bse","report_date":2016,"link":"http://www.bseindia.com/bseplus/AnnualReport/532149/5321490316.pdf"},{"source":"bse","report_date":2015,"link":"http://www.bseindia.com/bseplus/AnnualReport/532149/5321490315.pdf"},{"source":"bse","report_date":2014,"link":"http://www.bseindia.com/bseplus/AnnualReport/532149/5321490314.pdf"},{"source":"bse","report_date":2013,"link":"http://www.bseindia.com/bseplus/annualreport/532149/5321490313.pdf"},{"source":"bse","report_date":2012,"link":"http://www.bseindia.com/bseplus/annualreport/532149/5321490312.pdf"},{"source":"bse","report_date":2011,"link":"http://www.bseindia.com/bseplus/annualreport/532149/5321490311.pdf"},{"source":"bse","report_date":2010,"link":"http://www.bseindia.com/bseplus/annualreport/532149/532149_2009-10.pdf"},{"source":"nse","report_date":2010,"link":"http://nseindia.com/annual_reports/AR_BANKINDIA_2009_2010_01092010120000.zip"}],"announcement_set":[{"ann_date":"07 Apr 2018","announcement":"Statement Of Investor Complaints For The Quarter Ended March 2018","link":"https://www.bseindia.com/corporates/anndet_new.aspx?newsid=35b45e54-1450-4453-898e-30feda71bc92"},{"ann_date":"06 Apr 2018","announcement":"Shareholding for the Period Ended March 31, 2018","link":"https://www.bseindia.com/corporates/anndet_new.aspx?newsid=42079f95-fb96-46b5-a29f-66861a1b9cb6"},{"ann_date":"04 Apr 2018","announcement":"Intimation Of Payment Of Annual Interest (2017-18) For BOI Tier-I & Tier-II Bonds","link":"https://www.bseindia.com/corporates/anndet_new.aspx?newsid=d440d28e-f39c-4749-93ce-3c60b0e4a872"},{"ann_date":"04 Apr 2018","announcement":"Intimation Of Payment Of Annual Interest (2016-17) For BOI Tier-I & Tier-II Bonds","link":"https://www.bseindia.com/corporates/anndet_new.aspx?newsid=c64550e9-a818-45b0-be3a-5c4c9cd580a3"},{"ann_date":"29 Mar 2018","announcement":"Disclosure Under Regulation 29(1) And 29 (2) Of The SEBI (Substantial Acquisition Of Shares And Takeovers) Regulation-2011","link":"https://www.bseindia.com/corporates/anndet_new.aspx?newsid=c0a95cdb-c93c-440c-86ee-ca1e6d2f9ca2"}],"warehouse_set":{"high_price":216.8,"low_price":91.35,"sales_growth":0.24,"current_price":113.1,"dividend_yield":0.0,"face_value":10.0,"id":1768,"sales_growth_3years":1.2,"average_return_on_equity_3years":-7.12,"book_value":131.98,"status":"Active","pair_url":"/company/BANKINDIA/consolidated","sales_growth_10years":13.72,"average_return_on_equity_10years":6.68,"profit_growth":23.9,"market_capitalization":19713.09,"industry":"Banks","analysis":{"remarks":[],"bad":["Company has low interest coverage ratio.","The company has delivered a poor growth of 6.65% over past five years.","Company has a low return on equity of -7.12% for last 3 years.","Contingent liabilities of Rs.391401.30 Cr.","Company might be capitalizing the interest cost","Earnings include an other income of Rs.6112.55 Cr."],"good":["Stock is trading at 0.86 times its book value","Promoter's stake has increased"]},"average_return_on_equity_5years":0.25,"sales_growth_5years":6.65,"return_on_equity":-6.22,"result_type":"sa"},"id":396,"name":"Bank of India"}
