{"prime":"con","number_set":{"balancesheet":[["Share Capital",{"2008-03-31":63.77,"2016-03-31":69.35,"2014-03-31":69.3,"2011-03-31":69.2,"2015-03-31":69.33,"2013-03-31":69.26,"2006-03-31":39.86,"2012-03-31":69.23,"2017-03-31":97.1,"2010-03-31":69.21,"2009-03-31":63.77,"2007-03-31":63.77}],["Reserves",{"2008-03-31":284.0,"2016-03-31":1522.79,"2014-03-31":1061.76,"2011-03-31":652.9,"2015-03-31":1222.64,"2013-03-31":914.33,"2006-03-31":188.27,"2012-03-31":775.49,"2017-03-31":1825.04,"2010-03-31":556.04,"2009-03-31":350.37,"2007-03-31":210.69}],["Borrowings",{"2008-03-31":120.92,"2016-03-31":66.51,"2014-03-31":302.8,"2011-03-31":107.0,"2015-03-31":288.49,"2013-03-31":303.02,"2006-03-31":42.77,"2012-03-31":169.85,"2017-03-31":114.49,"2010-03-31":24.46,"2009-03-31":78.06,"2007-03-31":115.31}],["Other Liabilities",{"2008-03-31":240.25,"2016-03-31":855.15,"2014-03-31":727.46,"2011-03-31":392.1,"2015-03-31":730.83,"2013-03-31":552.62,"2006-03-31":257.23,"2012-03-31":498.09,"2017-03-31":1020.17,"2010-03-31":329.88,"2009-03-31":258.62,"2007-03-31":242.39}],["Total Liabilities",{"2008-03-31":708.94,"2016-03-31":2513.8,"2014-03-31":2161.32,"2011-03-31":1221.2,"2015-03-31":2311.29,"2013-03-31":1839.23,"2006-03-31":528.13,"2012-03-31":1512.66,"2017-03-31":3056.8,"2010-03-31":979.59,"2009-03-31":750.82,"2007-03-31":632.16}],["Fixed Assets",{"2008-03-31":133.71,"2016-03-31":704.09,"2014-03-31":548.42,"2011-03-31":204.2,"2015-03-31":647.64,"2013-03-31":321.68,"2006-03-31":117.29,"2012-03-31":271.96,"2017-03-31":883.14,"2010-03-31":185.59,"2009-03-31":162.3,"2007-03-31":120.8}],["CWIP",{"2008-03-31":24.71,"2016-03-31":48.77,"2014-03-31":132.22,"2011-03-31":76.8,"2015-03-31":87.51,"2013-03-31":171.23,"2006-03-31":11.05,"2012-03-31":65.87,"2017-03-31":56.23,"2010-03-31":31.6,"2009-03-31":18.82,"2007-03-31":13.71}],["Investments",{"2008-03-31":21.85,"2016-03-31":415.14,"2014-03-31":187.29,"2011-03-31":117.6,"2015-03-31":243.75,"2013-03-31":90.58,"2006-03-31":12.82,"2012-03-31":79.57,"2017-03-31":577.62,"2010-03-31":170.2,"2009-03-31":29.52,"2007-03-31":12.82}],["Other Assets",{"2008-03-31":528.67,"2016-03-31":1345.8,"2014-03-31":1293.39,"2011-03-31":822.6,"2015-03-31":1332.39,"2013-03-31":1255.74,"2006-03-31":386.97,"2012-03-31":1095.26,"2017-03-31":1539.81,"2010-03-31":592.2,"2009-03-31":540.18,"2007-03-31":484.83}],["Total Assets",{"2008-03-31":708.94,"2016-03-31":2513.8,"2014-03-31":2161.32,"2011-03-31":1221.2,"2015-03-31":2311.29,"2013-03-31":1839.23,"2006-03-31":528.13,"2012-03-31":1512.66,"2017-03-31":3056.8,"2010-03-31":979.59,"2009-03-31":750.82,"2007-03-31":632.16}]],"annual":[["Sales",{"2008-03-31":1339.67,"2016-03-31":3857.81,"2014-03-31":3384.82,"2011-03-31":2107.1,"2015-03-31":3806.51,"2013-03-31":3024.21,"2006-03-31":980.97,"2012-03-31":2662.09,"2017-03-31":4121.53,"2010-03-31":1684.17,"2009-03-31":1508.34,"2007-03-31":1165.23}],["Expenses",{"2008-03-31":1205.11,"2016-03-31":3250.2,"2014-03-31":2995.18,"2011-03-31":1883.4,"2015-03-31":3331.11,"2013-03-31":2687.89,"2006-03-31":880.05,"2012-03-31":2384.61,"2017-03-31":3486.69,"2010-03-31":1507.98,"2009-03-31":1381.08,"2007-03-31":1049.79}],["Operating Profit",{"2008-03-31":134.56,"2016-03-31":607.61,"2014-03-31":389.64,"2011-03-31":223.7,"2015-03-31":475.4,"2013-03-31":336.32,"2006-03-31":100.92,"2012-03-31":277.48,"2017-03-31":634.84,"2010-03-31":176.19,"2009-03-31":127.26,"2007-03-31":115.44}],["OPM",{"2008-03-31":10.04,"2016-03-31":15.75,"2014-03-31":11.51,"2011-03-31":10.62,"2015-03-31":12.49,"2013-03-31":11.12,"2006-03-31":10.29,"2012-03-31":10.42,"2017-03-31":15.4,"2010-03-31":10.46,"2009-03-31":8.44,"2007-03-31":9.91}],["Other Income",{"2008-03-31":15.65,"2016-03-31":36.2,"2014-03-31":30.59,"2011-03-31":29.6,"2015-03-31":34.19,"2013-03-31":30.76,"2006-03-31":14.67,"2012-03-31":30.62,"2017-03-31":135.34,"2010-03-31":24.37,"2009-03-31":25.8,"2007-03-31":14.72}],["Interest",{"2008-03-31":12.78,"2016-03-31":17.05,"2014-03-31":34.26,"2011-03-31":12.2,"2015-03-31":34.72,"2013-03-31":27.67,"2006-03-31":6.57,"2012-03-31":22.37,"2017-03-31":7.41,"2010-03-31":4.75,"2009-03-31":15.33,"2007-03-31":10.12}],["Depreciation",{"2008-03-31":18.65,"2016-03-31":88.07,"2014-03-31":58.27,"2011-03-31":30.0,"2015-03-31":78.62,"2013-03-31":46.28,"2006-03-31":17.39,"2012-03-31":37.56,"2017-03-31":97.07,"2010-03-31":26.41,"2009-03-31":20.4,"2007-03-31":17.8}],["Profit before tax",{"2008-03-31":118.78,"2016-03-31":538.69,"2014-03-31":327.7,"2011-03-31":211.1,"2015-03-31":396.25,"2013-03-31":293.13,"2006-03-31":91.63,"2012-03-31":248.17,"2017-03-31":665.7,"2010-03-31":169.4,"2009-03-31":117.33,"2007-03-31":102.24}],["Tax",{"2008-03-31":26.7,"2016-03-31":182.43,"2014-03-31":93.45,"2011-03-31":62.8,"2015-03-31":130.22,"2013-03-31":83.33,"2006-03-31":21.34,"2012-03-31":70.78,"2017-03-31":219.25,"2010-03-31":49.26,"2009-03-31":28.57,"2007-03-31":19.17}],["Net Profit",{"2008-03-31":92.08,"2016-03-31":356.26,"2014-03-31":234.25,"2011-03-31":148.3,"2015-03-31":266.03,"2013-03-31":209.8,"2006-03-31":70.29,"2012-03-31":177.39,"2017-03-31":446.45,"2010-03-31":120.14,"2009-03-31":88.76,"2007-03-31":83.07}],["EPS (unadj)",{"2008-03-31":2.8,"2016-03-31":5.14,"2014-03-31":6.39,"2011-03-31":4.08,"2015-03-31":3.58,"2013-03-31":5.75,"2006-03-31":3.25,"2012-03-31":4.9,"2017-03-31":4.6,"2010-03-31":3.29,"2009-03-31":2.68,"2007-03-31":2.45}],["Dividend Payout",{"2008-03-31":17.32,"2016-03-31":32.12,"2014-03-31":32.54,"2011-03-31":30.34,"2015-03-31":32.58,"2013-03-31":29.71,"2006-03-31":56.72,"2012-03-31":27.32,"2017-03-31":38.06,"2010-03-31":31.69,"2009-03-31":21.56,"2007-03-31":38.39}]],"cashflow":[["Cash from Operating Activity",{"2008-03-31":96.19,"2016-03-31":535.55,"2014-03-31":337.44,"2011-03-31":114.6,"2015-03-31":385.44,"2013-03-31":176.62,"2006-03-31":104.74,"2012-03-31":119.92,"2017-03-31":338.0,"2010-03-31":165.02,"2009-03-31":99.08,"2007-03-31":2.43}],["Cash from Investing Activity",{"2008-03-31":-57.75,"2016-03-31":-222.12,"2014-03-31":-304.04,"2011-03-31":-29.2,"2015-03-31":-168.72,"2013-03-31":-192.55,"2006-03-31":-39.15,"2012-03-31":-67.06,"2017-03-31":-263.97,"2010-03-31":-207.23,"2009-03-31":-42.94,"2007-03-31":-30.25}],["Cash from Financing Activity",{"2008-03-31":-20.28,"2016-03-31":-346.1,"2014-03-31":-92.87,"2011-03-31":-0.2,"2015-03-31":-185.66,"2013-03-31":62.18,"2006-03-31":-62.23,"2012-03-31":0.62,"2017-03-31":-72.53,"2010-03-31":47.9,"2009-03-31":-64.17,"2007-03-31":24.23}],["Net Cash Flow",{"2008-03-31":18.16,"2016-03-31":-32.67,"2014-03-31":-59.47,"2011-03-31":85.2,"2015-03-31":31.06,"2013-03-31":46.25,"2006-03-31":3.36,"2012-03-31":53.48,"2017-03-31":1.5,"2010-03-31":5.69,"2009-03-31":-8.03,"2007-03-31":-3.59}]],"quarters":[["Sales",{"2016-06-30":1035.66,"2016-12-31":1048.51,"2017-03-31":1016.26,"2017-06-30":1149.21,"2015-06-30":947.54,"2015-03-31":926.8,"2017-09-30":1136.41,"2015-12-31":1004.3,"2016-03-31":943.54,"2017-12-31":1190.91,"2016-09-30":1021.1,"2015-09-30":962.43}],["Expenses",{"2016-06-30":849.01,"2016-12-31":885.29,"2017-03-31":887.14,"2017-06-30":972.47,"2015-06-30":801.84,"2015-03-31":804.99,"2017-09-30":954.42,"2015-12-31":830.11,"2016-03-31":791.32,"2017-12-31":989.89,"2016-09-30":865.25,"2015-09-30":826.94}],["Operating Profit",{"2016-06-30":186.65,"2016-12-31":163.22,"2017-03-31":129.12,"2017-06-30":176.74,"2015-06-30":145.7,"2015-03-31":121.81,"2017-09-30":181.99,"2015-12-31":174.19,"2016-03-31":152.22,"2017-12-31":201.02,"2016-09-30":155.85,"2015-09-30":135.49}],["OPM",{"2016-06-30":18.02,"2016-12-31":15.57,"2017-03-31":12.71,"2017-06-30":15.38,"2015-06-30":15.38,"2015-03-31":13.14,"2017-09-30":16.01,"2015-12-31":17.34,"2016-03-31":16.13,"2017-12-31":16.88,"2016-09-30":15.26,"2015-09-30":14.08}],["Other Income",{"2016-06-30":9.1,"2016-12-31":9.18,"2017-03-31":14.49,"2017-06-30":10.25,"2015-06-30":7.27,"2015-03-31":9.37,"2017-09-30":16.66,"2015-12-31":7.79,"2016-03-31":12.16,"2017-12-31":9.11,"2016-09-30":102.57,"2015-09-30":8.97}],["Depreciation",{"2016-06-30":23.12,"2016-12-31":24.48,"2017-03-31":25.24,"2017-06-30":27.4,"2015-06-30":21.15,"2015-03-31":19.78,"2017-09-30":27.32,"2015-12-31":22.64,"2016-03-31":21.8,"2017-12-31":27.69,"2016-09-30":24.23,"2015-09-30":22.48}],["Interest",{"2016-06-30":0.76,"2016-12-31":2.51,"2017-03-31":1.55,"2017-06-30":0.79,"2015-06-30":5.05,"2015-03-31":7.92,"2017-09-30":5.28,"2015-12-31":3.58,"2016-03-31":2.12,"2017-12-31":5.52,"2016-09-30":2.59,"2015-09-30":6.3}],["Profit before tax",{"2016-06-30":171.87,"2016-12-31":145.41,"2017-03-31":116.82,"2017-06-30":158.8,"2015-06-30":126.77,"2015-03-31":103.48,"2017-09-30":166.05,"2015-12-31":155.76,"2016-03-31":140.46,"2017-12-31":176.92,"2016-09-30":231.6,"2015-09-30":115.68}],["Tax",{"2016-06-30":57.64,"2016-12-31":49.48,"2017-03-31":41.85,"2017-06-30":53.63,"2015-06-30":43.5,"2015-03-31":32.8,"2017-09-30":57.8,"2015-12-31":54.01,"2016-03-31":45.51,"2017-12-31":62.06,"2016-09-30":70.28,"2015-09-30":39.41}],["Net Profit",{"2016-06-30":114.23,"2016-12-31":95.93,"2017-03-31":74.97,"2017-06-30":105.17,"2015-06-30":83.27,"2015-03-31":70.68,"2017-09-30":108.25,"2015-12-31":101.75,"2016-03-31":94.95,"2017-12-31":114.86,"2016-09-30":161.32,"2015-09-30":76.27}]]},"bse_code":"509480","short_name":"Berger Paints","nse_code":"BERGEPAINT","companyrating_set":[],"annualreport_set":[{"source":"bse","report_date":2017,"link":"http://www.bseindia.com/bseplus/AnnualReport/509480/5094800317.pdf"},{"source":"bse","report_date":2016,"link":"http://www.bseindia.com/bseplus/AnnualReport/509480/5094800316.pdf"},{"source":"bse","report_date":2015,"link":"http://www.bseindia.com/bseplus/AnnualReport/509480/5094800315.pdf"},{"source":"bse","report_date":2014,"link":"http://www.bseindia.com/bseplus/AnnualReport/509480/5094800314.pdf"},{"source":"bse","report_date":2013,"link":"http://www.bseindia.com/bseplus/annualreport/509480/5094800313.pdf"},{"source":"nse","report_date":2012,"link":"http://nseindia.com/annual_reports/AR_BERGEPAINT_2011_2012_17072012105358.zip"},{"source":"nse","report_date":2012,"link":"http://nseindia.com/annual_reports/AR_BERGEPAINT_2011_2012_17072012105358.zip"},{"source":"nse","report_date":2012,"link":"http://nseindia.com/annual_reports/AR_BERGEPAINT_2011_2012_17072012105358.zip"},{"source":"nse","report_date":2012,"link":"http://nseindia.com/annual_reports/AR_BERGEPAINT_2011_2012_17072012105358.zip"},{"source":"bse","report_date":2011,"link":"http://www.bseindia.com/bseplus/annualreport/509480/5094800311.pdf"},{"source":"nse","report_date":2011,"link":"http://nseindia.com/annual_reports/AR_BERGEPAINT_2010_2011_15062012120408.zip"},{"source":"bse","report_date":2010,"link":"http://www.bseindia.com/bseplus/annualreport/509480/5094800310.pdf"},{"source":"nse","report_date":2010,"link":"http://nseindia.com/annual_reports/AR_BERGEPAINT_2009_2010_18082010121500.zip"}],"announcement_set":[{"ann_date":"28 Mar 2018","announcement":"Announcement under Regulation 30 (LODR)-Scheme of Arrangement","link":"https://www.bseindia.com/corporates/anndet_new.aspx?newsid=8e8ad818-3870-4e03-9e3d-4ca8f6ca7f09"},{"ann_date":"26 Feb 2018","announcement":"Announcement under Regulation 30 (LODR)-Updates","link":"https://www.bseindia.com/corporates/anndet_new.aspx?newsid=5997e178-5643-42b1-b78a-e8742f5d2c80"},{"ann_date":"20 Feb 2018","announcement":"Announcement under Regulation 30 (LODR)-Analyst / Investor Meet - Outcome","link":"https://www.bseindia.com/corporates/anndet_new.aspx?newsid=bbe00072-2091-4242-a4f9-1236b8344fa4"},{"ann_date":"12 Feb 2018","announcement":"Announcement under Regulation 30 (LODR)-Analyst / Investor Meet - Outcome","link":"https://www.bseindia.com/corporates/anndet_new.aspx?newsid=ee19eeb5-a130-4b18-a7db-d5add099e166"},{"ann_date":"06 Feb 2018","announcement":"Financial Results For The Quarter And Nine Months Ended 31/12/2017","link":"http://www.bseindia.com/corporates/anndet_new.aspx?newsid=69f19c64-654e-481e-b59c-a18175da464a"}],"warehouse_set":{"high_price":286.3,"low_price":229.3,"sales_growth":10.97,"current_price":265.4,"dividend_yield":0.66,"face_value":1.0,"id":490,"sales_growth_3years":6.79,"profit_growth_5years":15.88,"average_return_on_equity_3years":22.18,"book_value":23.18,"status":"Active","pair_url":"/company/BERGEPAINT/consolidated","sales_growth_10years":13.3,"average_return_on_equity_10years":22.1,"profit_growth":-13.55,"market_capitalization":25771.17,"profit_growth_10years":16.75,"price_to_earning":61.18,"industry":"Furniture-Furnishing-Paints","analysis":{"remarks":[],"bad":["Stock is trading at 11.45 times its book value","The company has delivered a poor growth of 9.14% over past five years."],"good":["Company is virtually debt free.","Company has been maintaining a healthy dividend payout of 34.72%"]},"result_type":"sa","profit_growth_3years":16.59,"sales_growth_5years":9.14,"return_on_equity":21.08,"average_return_on_equity_5years":22.26},"id":429,"name":"Berger Paints India Ltd"}
