{"prime":"sa","number_set":{"balancesheet":[["Share Capital",{"2008-03-31":44.54,"2016-03-31":46.57,"2014-03-31":46.57,"2011-03-31":46.57,"2015-03-31":46.57,"2013-03-31":46.57,"2006-03-31":54.46,"2012-03-31":46.57,"2017-03-31":46.57,"2010-03-31":44.54,"2009-03-31":44.54,"2007-03-31":54.54}],["Reserves",{"2008-03-31":1428.74,"2016-03-31":3534.95,"2014-03-31":2646.74,"2011-03-31":1948.82,"2015-03-31":3449.11,"2013-03-31":2264.56,"2006-03-31":1109.67,"2012-03-31":2096.53,"2017-03-31":4185.36,"2010-03-31":1482.67,"2009-03-31":1442.39,"2007-03-31":1272.26}],["Borrowings",{"2008-03-31":1287.49,"2016-03-31":2668.54,"2014-03-31":1994.32,"2011-03-31":1473.37,"2015-03-31":1797.4,"2013-03-31":1873.71,"2006-03-31":992.46,"2012-03-31":1981.0,"2017-03-31":2422.48,"2010-03-31":1852.77,"2009-03-31":1807.87,"2007-03-31":1401.61}],["Other Liabilities",{"2008-03-31":1224.47,"2016-03-31":970.17,"2014-03-31":1043.34,"2011-03-31":1016.88,"2015-03-31":1115.29,"2013-03-31":993.98,"2006-03-31":986.77,"2012-03-31":1258.62,"2017-03-31":1072.26,"2010-03-31":1134.2,"2009-03-31":875.82,"2007-03-31":1015.6}],["Total Liabilities",{"2008-03-31":3985.24,"2016-03-31":7220.23,"2014-03-31":5730.97,"2011-03-31":4485.64,"2015-03-31":6408.37,"2013-03-31":5178.82,"2006-03-31":3133.36,"2012-03-31":5382.72,"2017-03-31":7726.67,"2010-03-31":4514.18,"2009-03-31":4170.62,"2007-03-31":3734.01}],["Fixed Assets",{"2008-03-31":1317.87,"2016-03-31":2276.93,"2014-03-31":2025.43,"2011-03-31":1763.26,"2015-03-31":1956.09,"2013-03-31":1998.81,"2006-03-31":775.25,"2012-03-31":1796.2,"2017-03-31":2373.32,"2010-03-31":1776.11,"2009-03-31":1831.16,"2007-03-31":1151.93}],["CWIP",{"2008-03-31":427.13,"2016-03-31":321.94,"2014-03-31":131.4,"2011-03-31":78.44,"2015-03-31":207.68,"2013-03-31":222.81,"2006-03-31":370.7,"2012-03-31":288.76,"2017-03-31":374.26,"2010-03-31":138.54,"2009-03-31":232.28,"2007-03-31":274.8}],["Investments",{"2008-03-31":593.67,"2016-03-31":1421.25,"2014-03-31":1340.89,"2011-03-31":814.35,"2015-03-31":1103.74,"2013-03-31":930.65,"2006-03-31":444.02,"2012-03-31":936.25,"2017-03-31":1772.14,"2010-03-31":720.94,"2009-03-31":367.2,"2007-03-31":450.71}],["Other Assets",{"2008-03-31":1646.57,"2016-03-31":3200.11,"2014-03-31":2233.25,"2011-03-31":1829.59,"2015-03-31":3140.86,"2013-03-31":2026.55,"2006-03-31":1543.39,"2012-03-31":2361.51,"2017-03-31":3206.95,"2010-03-31":1878.59,"2009-03-31":1739.98,"2007-03-31":1856.57}],["Total Assets",{"2008-03-31":3985.24,"2016-03-31":7220.23,"2014-03-31":5730.97,"2011-03-31":4485.64,"2015-03-31":6408.37,"2013-03-31":5178.82,"2006-03-31":3133.36,"2012-03-31":5382.72,"2017-03-31":7726.67,"2010-03-31":4514.18,"2009-03-31":4170.62,"2007-03-31":3734.01}]],"annual":[["Sales",{"2008-03-31":2196.5,"2016-03-31":4333.81,"2014-03-31":3399.27,"2011-03-31":2947.0,"2015-03-31":4548.05,"2013-03-31":3151.23,"2006-03-31":1511.45,"2012-03-31":3685.97,"2017-03-31":3864.66,"2010-03-31":1856.4,"2009-03-31":2058.59,"2007-03-31":1810.13}],["Expenses",{"2008-03-31":1729.41,"2016-03-31":3021.22,"2014-03-31":2566.41,"2011-03-31":2231.51,"2015-03-31":3251.19,"2013-03-31":2461.67,"2006-03-31":null,"2012-03-31":2841.08,"2017-03-31":2808.06,"2010-03-31":1483.47,"2009-03-31":1762.0,"2007-03-31":null}],["Operating Profit",{"2008-03-31":467.09,"2016-03-31":1312.59,"2014-03-31":832.86,"2011-03-31":715.49,"2015-03-31":1296.86,"2013-03-31":689.56,"2006-03-31":null,"2012-03-31":844.89,"2017-03-31":1056.6,"2010-03-31":372.93,"2009-03-31":296.59,"2007-03-31":null}],["OPM",{"2008-03-31":21.27,"2016-03-31":30.29,"2014-03-31":24.5,"2011-03-31":24.28,"2015-03-31":28.51,"2013-03-31":21.88,"2006-03-31":null,"2012-03-31":22.92,"2017-03-31":27.34,"2010-03-31":20.09,"2009-03-31":14.41,"2007-03-31":null}],["Other Income",{"2008-03-31":173.49,"2016-03-31":112.35,"2014-03-31":157.86,"2011-03-31":46.54,"2015-03-31":122.8,"2013-03-31":128.19,"2006-03-31":100.17,"2012-03-31":67.57,"2017-03-31":153.5,"2010-03-31":74.3,"2009-03-31":110.67,"2007-03-31":110.49}],["Interest",{"2008-03-31":104.99,"2016-03-31":90.51,"2014-03-31":149.57,"2011-03-31":121.44,"2015-03-31":111.84,"2013-03-31":153.36,"2006-03-31":54.79,"2012-03-31":150.47,"2017-03-31":72.77,"2010-03-31":102.77,"2009-03-31":100.37,"2007-03-31":82.11}],["Depreciation",{"2008-03-31":138.94,"2016-03-31":308.45,"2014-03-31":245.32,"2011-03-31":193.27,"2015-03-31":250.51,"2013-03-31":223.93,"2006-03-31":73.04,"2012-03-31":214.93,"2017-03-31":294.85,"2010-03-31":164.44,"2009-03-31":149.44,"2007-03-31":99.8}],["Profit before tax",{"2008-03-31":396.78,"2016-03-31":1025.98,"2014-03-31":595.84,"2011-03-31":447.36,"2015-03-31":1057.32,"2013-03-31":440.48,"2006-03-31":314.4,"2012-03-31":547.06,"2017-03-31":842.49,"2010-03-31":180.5,"2009-03-31":157.45,"2007-03-31":359.31}],["Tax",{"2008-03-31":123.19,"2016-03-31":328.37,"2014-03-31":195.91,"2011-03-31":136.53,"2015-03-31":338.34,"2013-03-31":134.89,"2006-03-31":107.43,"2012-03-31":184.99,"2017-03-31":257.41,"2010-03-31":53.45,"2009-03-31":54.16,"2007-03-31":118.36}],["Net Profit",{"2008-03-31":273.59,"2016-03-31":697.62,"2014-03-31":399.93,"2011-03-31":310.83,"2015-03-31":718.98,"2013-03-31":305.59,"2006-03-31":206.97,"2012-03-31":362.07,"2017-03-31":585.08,"2010-03-31":127.05,"2009-03-31":103.29,"2007-03-31":240.95}],["EPS (unadj)",{"2008-03-31":11.65,"2016-03-31":28.54,"2014-03-31":16.41,"2011-03-31":12.78,"2015-03-31":29.36,"2013-03-31":12.55,"2006-03-31":8.83,"2012-03-31":14.9,"2017-03-31":24.62,"2010-03-31":5.53,"2009-03-31":4.47,"2007-03-31":10.18}],["Dividend Payout",{"2008-03-31":28.51,"2016-03-31":25.05,"2014-03-31":26.21,"2011-03-31":26.23,"2015-03-31":24.3,"2013-03-31":25.92,"2006-03-31":32.24,"2012-03-31":25.74,"2017-03-31":29.86,"2010-03-31":17.54,"2009-03-31":21.57,"2007-03-31":32.37}]],"cashflow":[["Cash from Operating Activity",{"2008-03-31":344.57,"2016-03-31":1306.36,"2014-03-31":765.26,"2011-03-31":340.99,"2015-03-31":902.71,"2013-03-31":524.74,"2006-03-31":218.24,"2012-03-31":671.53,"2017-03-31":892.38,"2010-03-31":533.08,"2009-03-31":183.91,"2007-03-31":295.77}],["Cash from Investing Activity",{"2008-03-31":-618.75,"2016-03-31":-651.28,"2014-03-31":-424.67,"2011-03-31":-349.13,"2015-03-31":-138.13,"2013-03-31":20.91,"2006-03-31":-680.5,"2012-03-31":-735.39,"2017-03-31":-579.33,"2010-03-31":-439.07,"2009-03-31":-68.79,"2007-03-31":-238.62}],["Cash from Financing Activity",{"2008-03-31":-297.11,"2016-03-31":-676.71,"2014-03-31":-397.39,"2011-03-31":-253.32,"2015-03-31":-523.93,"2013-03-31":-519.45,"2006-03-31":939.54,"2012-03-31":157.78,"2017-03-31":-371.93,"2010-03-31":32.79,"2009-03-31":86.6,"2007-03-31":173.71}],["Net Cash Flow",{"2008-03-31":-571.29,"2016-03-31":-21.63,"2014-03-31":-56.8,"2011-03-31":-261.46,"2015-03-31":240.65,"2013-03-31":26.2,"2006-03-31":477.28,"2012-03-31":93.92,"2017-03-31":-58.88,"2010-03-31":126.8,"2009-03-31":201.72,"2007-03-31":230.86}]],"quarters":[["Sales",{"2016-06-30":904.42,"2016-12-31":943.7,"2017-03-31":1125.66,"2017-06-30":1200.79,"2015-06-30":1138.83,"2015-03-31":1223.89,"2017-09-30":1258.02,"2015-12-31":1059.79,"2016-03-31":1011.31,"2017-12-31":1390.55,"2016-09-30":890.89,"2015-09-30":1123.88}],["Expenses",{"2016-06-30":660.01,"2016-12-31":683.11,"2017-03-31":821.71,"2017-06-30":867.48,"2015-06-30":782.25,"2015-03-31":864.19,"2017-09-30":888.58,"2015-12-31":735.69,"2016-03-31":706.33,"2017-12-31":974.22,"2016-09-30":643.22,"2015-09-30":803.44}],["Operating Profit",{"2016-06-30":244.41,"2016-12-31":260.59,"2017-03-31":303.95,"2017-06-30":333.31,"2015-06-30":356.58,"2015-03-31":359.7,"2017-09-30":369.44,"2015-12-31":324.1,"2016-03-31":304.98,"2017-12-31":416.33,"2016-09-30":247.67,"2015-09-30":320.44}],["OPM",{"2016-06-30":27.02,"2016-12-31":27.61,"2017-03-31":27.0,"2017-06-30":27.76,"2015-06-30":31.31,"2015-03-31":29.39,"2017-09-30":29.37,"2015-12-31":30.58,"2016-03-31":30.16,"2017-12-31":29.94,"2016-09-30":27.8,"2015-09-30":28.51}],["Other Income",{"2016-06-30":25.64,"2016-12-31":20.75,"2017-03-31":76.19,"2017-06-30":25.93,"2015-06-30":29.91,"2015-03-31":20.52,"2017-09-30":36.61,"2015-12-31":25.12,"2016-03-31":29.14,"2017-12-31":21.93,"2016-09-30":30.91,"2015-09-30":28.17}],["Depreciation",{"2016-06-30":73.96,"2016-12-31":73.89,"2017-03-31":74.39,"2017-06-30":77.4,"2015-06-30":74.85,"2015-03-31":49.71,"2017-09-30":78.11,"2015-12-31":81.21,"2016-03-31":74.51,"2017-12-31":80.73,"2016-09-30":72.61,"2015-09-30":71.38}],["Interest",{"2016-06-30":17.02,"2016-12-31":18.28,"2017-03-31":18.53,"2017-06-30":18.54,"2015-06-30":21.29,"2015-03-31":22.42,"2017-09-30":21.67,"2015-12-31":22.64,"2016-03-31":24.35,"2017-12-31":14.3,"2016-09-30":18.94,"2015-09-30":22.23}],["Profit before tax",{"2016-06-30":179.07,"2016-12-31":189.17,"2017-03-31":287.22,"2017-06-30":263.3,"2015-06-30":290.35,"2015-03-31":308.09,"2017-09-30":306.27,"2015-12-31":245.37,"2016-03-31":235.26,"2017-12-31":343.23,"2016-09-30":187.03,"2015-09-30":255.0}],["Tax",{"2016-06-30":57.01,"2016-12-31":60.55,"2017-03-31":79.72,"2017-06-30":88.22,"2015-06-30":94.38,"2015-03-31":104.91,"2017-09-30":102.55,"2015-12-31":81.56,"2016-03-31":69.69,"2017-12-31":115.06,"2016-09-30":60.14,"2015-09-30":82.73}],["Net Profit",{"2016-06-30":122.06,"2016-12-31":128.62,"2017-03-31":207.5,"2017-06-30":175.08,"2015-06-30":195.97,"2015-03-31":203.18,"2017-09-30":203.72,"2015-12-31":163.81,"2016-03-31":165.57,"2017-12-31":228.17,"2016-09-30":126.89,"2015-09-30":172.27}]]},"bse_code":"500493","short_name":"Bharat Forge","nse_code":"BHARATFORG","companyrating_set":[{"rating__rating":"[ICRA]AA(stable)","instrument":"Bank Loan Rating-Long Term","rating__source":"icra","link":"http://icra.in/search.aspx?word=Bharat Forge Ltd"},{"rating__rating":"[ICRA]A1+","instrument":"Bank Loan Rating-Short Term","rating__source":"icra","link":"http://icra.in/search.aspx?word=Bharat Forge Ltd"},{"rating__rating":"[ICRA]AA(stable)","instrument":"Corporate Debt Rating-Long Term","rating__source":"icra","link":"http://icra.in/search.aspx?word=Bharat Forge Ltd"},{"rating__rating":"[ICRA]A1+","instrument":"Corporate Debt Rating-Short Term","rating__source":"icra","link":"http://icra.in/search.aspx?word=Bharat Forge Ltd"}],"annualreport_set":[{"source":"bse","report_date":2017,"link":"http://www.bseindia.com/bseplus/AnnualReport/500493/5004930317.pdf"},{"source":"bse","report_date":2016,"link":"http://www.bseindia.com/bseplus/AnnualReport/500493/5004930316.pdf"},{"source":"bse","report_date":2015,"link":"http://www.bseindia.com/bseplus/AnnualReport/500493/5004930315.pdf"},{"source":"bse","report_date":2014,"link":"http://www.bseindia.com/bseplus/AnnualReport/500493/5004930314.pdf"},{"source":"bse","report_date":2013,"link":"http://www.bseindia.com/bseplus/annualreport/500493/5004930313.pdf"},{"source":"nse","report_date":2012,"link":"http://nseindia.com/annual_reports/AR_BHARATFORG_2011_2012_06072012121315.zip"},{"source":"bse","report_date":2011,"link":"http://www.bseindia.com/bseplus/annualreport/500493/5004930311.pdf"},{"source":"bse","report_date":2010,"link":"http://www.bseindia.com/bseplus/annualreport/500493/5004930310.pdf"},{"source":"nse","report_date":2010,"link":"http://nseindia.com/annual_reports/AR_BHARATFORG_2009_2010_20082010120000.zip"}],"announcement_set":[{"ann_date":"04 Apr 2018","announcement":"CERTIFICATE UNDER CLAUSE 7(3) OF SEBI REGULATIONS, 2015 FOR THE PERIOD MARCH 31, 2018","link":"https://www.bseindia.com/corporates/anndet_new.aspx?newsid=9baa4e81-4b81-4773-9e5a-84ef50e1398f"},{"ann_date":"04 Apr 2018","announcement":"Statement Of Investor Complaints For The Quarter Ended March 2018","link":"https://www.bseindia.com/corporates/anndet_new.aspx?newsid=fafc7805-c0be-46c2-adc3-380f6db4316f"},{"ann_date":"15 Mar 2018","announcement":"Board Meeting-Appointment of Managing Director","link":"https://www.bseindia.com/corporates/anndet_new.aspx?newsid=43bcf383-0fa9-4a79-95a8-75a06bbbf745"},{"ann_date":"09 Mar 2018","announcement":"Announcement under Regulation 30 (LODR)-Analyst / Investor Meet - Intimation","link":"https://www.bseindia.com/corporates/anndet_new.aspx?newsid=c4cd71b7-bc99-4372-a1b2-8ff382dbef8a"},{"ann_date":"28 Feb 2018","announcement":"Announcement under Regulation 30 (LODR)-Diversification / Disinvestment","link":"https://www.bseindia.com/corporates/anndet_new.aspx?newsid=3b18ee48-0852-48db-a01d-e6d6130d8172"}],"warehouse_set":{"high_price":798.0,"low_price":510.25,"sales_growth":32.66,"current_price":729.15,"dividend_yield":0.51,"face_value":2.0,"id":1571,"sales_growth_3years":4.37,"profit_growth_5years":6.6,"average_return_on_equity_3years":18.76,"book_value":103.93,"status":"Active","pair_url":"/company/BHARATFORG/consolidated","sales_growth_10years":6.48,"average_return_on_equity_10years":16.24,"profit_growth":49.96,"market_capitalization":33948.4,"profit_growth_10years":9.22,"price_to_earning":43.14,"industry":"Other Industrial Products","analysis":{"remarks":[],"bad":["Stock is trading at 7.02 times its book value","The company has delivered a poor growth of 0.95% over past five years."],"good":["Company is expected to give good quarter","Company has been maintaining a healthy dividend payout of 26.19%"]},"result_type":"sa","profit_growth_3years":12.89,"sales_growth_5years":0.95,"return_on_equity":14.3,"average_return_on_equity_5years":17.41},"id":458,"name":"Bharat Forge Ltd"}
