{"prime":"sa","number_set":{"balancesheet":[["Share Capital",{"2009-12-31":31.4,"2017-03-31":30.5,"2016-03-31":31.4,"2006-12-31":32.05,"2008-12-31":32.02,"2012-12-31":31.4,"2015-03-31":31.4,"2010-12-31":31.4,"2005-12-31":32.05,"2013-12-31":31.4,"2007-12-31":32.05,"2011-12-31":31.4}],["Reserves",{"2009-12-31":3353.83,"2017-03-31":8769.1,"2016-03-31":9503.5,"2006-12-31":2009.91,"2008-12-31":3063.43,"2012-12-31":5541.9,"2015-03-31":7315.6,"2010-12-31":4066.64,"2005-12-31":1520.78,"2013-12-31":6262.9,"2007-12-31":2531.36,"2011-12-31":4697.0}],["Borrowings",{"2009-12-31":284.31,"2017-03-31":0.0,"2016-03-31":50.0,"2006-12-31":204.79,"2008-12-31":264.36,"2012-12-31":230.4,"2015-03-31":110.9,"2010-12-31":276.39,"2005-12-31":168.82,"2013-12-31":183.1,"2007-12-31":251.81,"2011-12-31":307.1}],["Other Liabilities",{"2009-12-31":1320.29,"2017-03-31":3000.2,"2016-03-31":2847.9,"2006-12-31":1103.77,"2008-12-31":1192.9,"2012-12-31":2098.5,"2015-03-31":2972.9,"2010-12-31":1863.36,"2005-12-31":1039.61,"2013-12-31":2413.6,"2007-12-31":1162.92,"2011-12-31":2095.5}],["Total Liabilities",{"2009-12-31":4989.83,"2017-03-31":11799.8,"2016-03-31":12432.8,"2006-12-31":3350.52,"2008-12-31":4552.71,"2012-12-31":7902.2,"2015-03-31":10430.8,"2010-12-31":6237.79,"2005-12-31":2761.26,"2013-12-31":8891.0,"2007-12-31":3978.14,"2011-12-31":7131.0}],["Fixed Assets",{"2009-12-31":513.26,"2017-03-31":1319.4,"2016-03-31":1148.7,"2006-12-31":448.81,"2008-12-31":608.62,"2012-12-31":863.3,"2015-03-31":967.6,"2010-12-31":435.98,"2005-12-31":383.79,"2013-12-31":938.1,"2007-12-31":487.07,"2011-12-31":591.7}],["CWIP",{"2009-12-31":99.67,"2017-03-31":128.9,"2016-03-31":150.7,"2006-12-31":92.73,"2008-12-31":167.11,"2012-12-31":408.3,"2015-03-31":276.0,"2010-12-31":224.22,"2005-12-31":88.45,"2013-12-31":439.6,"2007-12-31":158.32,"2011-12-31":320.7}],["Investments",{"2009-12-31":1417.61,"2017-03-31":4120.9,"2016-03-31":4628.1,"2006-12-31":726.79,"2008-12-31":866.53,"2012-12-31":1528.6,"2015-03-31":2889.6,"2010-12-31":1607.3,"2005-12-31":520.82,"2013-12-31":2202.3,"2007-12-31":1063.78,"2011-12-31":1634.7}],["Other Assets",{"2009-12-31":2959.29,"2017-03-31":6230.6,"2016-03-31":6505.3,"2006-12-31":2082.19,"2008-12-31":2910.45,"2012-12-31":5102.0,"2015-03-31":6297.6,"2010-12-31":3970.29,"2005-12-31":1768.2,"2013-12-31":5311.0,"2007-12-31":2268.97,"2011-12-31":4583.9}],["Total Assets",{"2009-12-31":4989.83,"2017-03-31":11799.8,"2016-03-31":12432.8,"2006-12-31":3350.52,"2008-12-31":4552.71,"2012-12-31":7902.2,"2015-03-31":10430.8,"2010-12-31":6237.79,"2005-12-31":2761.26,"2013-12-31":8891.0,"2007-12-31":3978.14,"2011-12-31":7131.0}]],"annual":[["Sales",{"2009-12-31":4749.77,"2017-03-31":10435.2,"2016-03-31":9701.4,"2006-12-31":3783.68,"2008-12-31":4541.65,"2012-12-31":8659.1,"2015-03-31":12085.5,"2010-12-31":6630.5,"2005-12-31":2977.48,"2013-12-31":8756.7,"2007-12-31":4279.63,"2011-12-31":7929.5}],["Expenses",{"2009-12-31":4138.34,"2017-03-31":8182.1,"2016-03-31":7830.5,"2006-12-31":null,"2008-12-31":3857.42,"2012-12-31":7356.4,"2015-03-31":10146.9,"2010-12-31":5611.59,"2005-12-31":null,"2013-12-31":7480.9,"2007-12-31":3523.67,"2011-12-31":6488.5}],["Operating Profit",{"2009-12-31":611.43,"2017-03-31":2253.1,"2016-03-31":1870.9,"2006-12-31":null,"2008-12-31":684.23,"2012-12-31":1302.7,"2015-03-31":1938.6,"2010-12-31":1018.91,"2005-12-31":null,"2013-12-31":1275.8,"2007-12-31":755.96,"2011-12-31":1441.0}],["OPM",{"2009-12-31":12.87,"2017-03-31":21.59,"2016-03-31":19.28,"2006-12-31":null,"2008-12-31":15.07,"2012-12-31":15.04,"2015-03-31":16.04,"2010-12-31":15.37,"2005-12-31":null,"2013-12-31":14.57,"2007-12-31":17.66,"2011-12-31":18.17}],["Other Income",{"2009-12-31":471.24,"2017-03-31":617.4,"2016-03-31":603.6,"2006-12-31":371.14,"2008-12-31":454.44,"2012-12-31":369.2,"2015-03-31":565.3,"2010-12-31":407.62,"2005-12-31":225.6,"2013-12-31":352.6,"2007-12-31":338.41,"2011-12-31":320.3}],["Interest",{"2009-12-31":1.19,"2017-03-31":27.2,"2016-03-31":12.9,"2006-12-31":6.41,"2008-12-31":8.73,"2012-12-31":5.5,"2015-03-31":14.3,"2010-12-31":3.93,"2005-12-31":13.56,"2013-12-31":0.5,"2007-12-31":3.75,"2011-12-31":0.4}],["Depreciation",{"2009-12-31":303.63,"2017-03-31":456.2,"2016-03-31":386.4,"2006-12-31":246.48,"2008-12-31":302.46,"2012-12-31":367.0,"2015-03-31":548.4,"2010-12-31":253.96,"2005-12-31":198.09,"2013-12-31":384.2,"2007-12-31":253.91,"2011-12-31":257.8}],["Profit before tax",{"2009-12-31":793.42,"2017-03-31":2391.4,"2016-03-31":2101.5,"2006-12-31":798.31,"2008-12-31":856.58,"2012-12-31":1346.2,"2015-03-31":1955.9,"2010-12-31":1202.8,"2005-12-31":529.01,"2013-12-31":1256.6,"2007-12-31":855.97,"2011-12-31":1574.0}],["Tax",{"2009-12-31":202.77,"2017-03-31":650.3,"2016-03-31":570.1,"2006-12-31":250.32,"2008-12-31":222.71,"2012-12-31":387.9,"2015-03-31":618.2,"2010-12-31":343.89,"2005-12-31":185.94,"2013-12-31":371.9,"2007-12-31":246.76,"2011-12-31":451.3}],["Net Profit",{"2009-12-31":590.65,"2017-03-31":1741.1,"2016-03-31":1531.4,"2006-12-31":547.99,"2008-12-31":633.87,"2012-12-31":958.3,"2015-03-31":1337.7,"2010-12-31":858.91,"2005-12-31":343.07,"2013-12-31":884.7,"2007-12-31":609.21,"2011-12-31":1122.7}],["EPS (unadj)",{"2009-12-31":183.01,"2017-03-31":537.77,"2016-03-31":470.41,"2006-12-31":168.62,"2008-12-31":193.71,"2012-12-31":295.45,"2015-03-31":326.98,"2010-12-31":266.89,"2005-12-31":105.36,"2013-12-31":271.94,"2007-12-31":185.83,"2011-12-31":335.61}],["Dividend Payout",{"2009-12-31":15.95,"2017-03-31":28.92,"2016-03-31":17.43,"2006-12-31":9.36,"2008-12-31":12.63,"2012-12-31":19.66,"2015-03-31":19.95,"2010-12-31":14.62,"2005-12-31":11.21,"2013-12-31":19.52,"2007-12-31":13.15,"2011-12-31":37.76}]],"cashflow":[["Cash from Operating Activity",{"2009-12-31":897.44,"2017-03-31":1456.7,"2016-03-31":1317.7,"2006-12-31":361.26,"2008-12-31":483.31,"2012-12-31":871.2,"2015-03-31":1396.3,"2010-12-31":885.91,"2005-12-31":470.63,"2013-12-31":1057.0,"2007-12-31":624.52,"2011-12-31":444.6}],["Cash from Investing Activity",{"2009-12-31":-632.16,"2017-03-31":1246.0,"2016-03-31":-994.9,"2006-12-31":-259.52,"2008-12-31":-2.66,"2012-12-31":-823.5,"2015-03-31":-1183.0,"2010-12-31":-506.4,"2005-12-31":-369.05,"2013-12-31":-846.2,"2007-12-31":-597.28,"2011-12-31":197.0}],["Cash from Financing Activity",{"2009-12-31":-268.32,"2017-03-31":-2669.7,"2016-03-31":-356.0,"2006-12-31":-9.92,"2008-12-31":-95.62,"2012-12-31":-156.2,"2015-03-31":-236.8,"2010-12-31":-121.41,"2005-12-31":-14.3,"2013-12-31":-237.9,"2007-12-31":-16.38,"2011-12-31":-425.9}],["Net Cash Flow",{"2009-12-31":-3.04,"2017-03-31":33.0,"2016-03-31":-33.2,"2006-12-31":91.82,"2008-12-31":385.03,"2012-12-31":-108.5,"2015-03-31":-23.5,"2010-12-31":258.1,"2005-12-31":87.28,"2013-12-31":-27.1,"2007-12-31":10.86,"2011-12-31":215.7}]],"quarters":[["Sales",{"2016-06-30":2541.8,"2016-12-31":2692.74,"2017-03-31":2574.62,"2017-06-30":2648.35,"2015-06-30":2301.18,"2015-03-31":2388.86,"2017-09-30":2811.85,"2015-12-31":2479.96,"2016-03-31":2504.79,"2017-12-31":3071.92,"2016-09-30":2633.25,"2015-09-30":2381.4}],["Expenses",{"2016-06-30":2068.45,"2016-12-31":2405.25,"2017-03-31":1870.91,"2017-06-30":2209.32,"2015-06-30":1820.44,"2015-03-31":1921.41,"2017-09-30":2303.89,"2015-12-31":2134.73,"2016-03-31":1936.54,"2017-12-31":2624.33,"2016-09-30":2142.17,"2015-09-30":1948.79}],["Operating Profit",{"2016-06-30":473.35,"2016-12-31":287.49,"2017-03-31":703.71,"2017-06-30":439.03,"2015-06-30":480.74,"2015-03-31":467.45,"2017-09-30":507.96,"2015-12-31":345.23,"2016-03-31":568.25,"2017-12-31":447.59,"2016-09-30":491.08,"2015-09-30":432.61}],["OPM",{"2016-06-30":18.62,"2016-12-31":10.68,"2017-03-31":27.33,"2017-06-30":16.58,"2015-06-30":20.89,"2015-03-31":19.57,"2017-09-30":18.06,"2015-12-31":13.92,"2016-03-31":22.69,"2017-12-31":14.57,"2016-09-30":18.65,"2015-09-30":18.17}],["Other Income",{"2016-06-30":160.46,"2016-12-31":146.08,"2017-03-31":131.04,"2017-06-30":129.53,"2015-06-30":140.75,"2015-03-31":132.79,"2017-09-30":129.03,"2015-12-31":141.66,"2016-03-31":193.57,"2017-12-31":102.26,"2016-09-30":469.83,"2015-09-30":198.21}],["Depreciation",{"2016-06-30":85.95,"2016-12-31":129.38,"2017-03-31":149.17,"2017-06-30":106.24,"2015-06-30":70.38,"2015-03-31":142.92,"2017-09-30":110.81,"2015-12-31":105.91,"2016-03-31":131.97,"2017-12-31":124.28,"2016-09-30":88.93,"2015-09-30":78.18}],["Interest",{"2016-06-30":1.27,"2016-12-31":1.69,"2017-03-31":23.22,"2017-06-30":0.51,"2015-06-30":1.45,"2015-03-31":14.26,"2017-09-30":0.03,"2015-12-31":4.24,"2016-03-31":4.0,"2017-12-31":2.66,"2016-09-30":0.97,"2015-09-30":3.24}],["Profit before tax",{"2016-06-30":546.59,"2016-12-31":302.5,"2017-03-31":662.36,"2017-06-30":461.81,"2015-06-30":549.66,"2015-03-31":443.06,"2017-09-30":526.15,"2015-12-31":376.74,"2016-03-31":625.85,"2017-12-31":422.91,"2016-09-30":871.01,"2015-09-30":549.4}],["Tax",{"2016-06-30":167.87,"2016-12-31":84.31,"2017-03-31":221.89,"2017-06-30":159.2,"2015-06-30":173.95,"2015-03-31":155.61,"2017-09-30":172.81,"2015-12-31":104.21,"2016-03-31":135.25,"2017-12-31":141.9,"2016-09-30":167.27,"2015-09-30":156.68}],["Net Profit",{"2016-06-30":378.72,"2016-12-31":218.19,"2017-03-31":440.47,"2017-06-30":302.61,"2015-06-30":375.71,"2015-03-31":287.45,"2017-09-30":353.34,"2015-12-31":272.53,"2016-03-31":490.6,"2017-12-31":281.01,"2016-09-30":703.74,"2015-09-30":392.72}]]},"bse_code":"500530","short_name":"Bosch","nse_code":"BOSCHLTD","companyrating_set":[],"annualreport_set":[{"source":"bse","report_date":2017,"link":"http://www.bseindia.com/bseplus/AnnualReport/500530/5005300317.pdf"},{"source":"bse","report_date":2016,"link":"http://www.bseindia.com/bseplus/AnnualReport/500530/5005300316.pdf"},{"source":"bse","report_date":2015,"link":"http://www.bseindia.com/bseplus/AnnualReport/500530/5005300315.pdf"},{"source":"bse","report_date":2013,"link":"http://www.bseindia.com/bseplus/AnnualReport/500530/5005301213.pdf"},{"source":"bse","report_date":2012,"link":"http://www.bseindia.com/bseplus/annualreport/500530/5005301212.pdf"},{"source":"bse","report_date":2011,"link":"http://www.bseindia.com/bseplus/annualreport/500530/5005301211.PDF"},{"source":"bse","report_date":2010,"link":"http://www.bseindia.com/bseplus/annualreport/500530/5005301210.pdf"},{"source":"nse","report_date":2010,"link":"http://nseindia.com/annual_reports/AR_BOSCHLTD_2010_2010_01072011102526.zip"}],"announcement_set":[{"ann_date":"04 Apr 2018","announcement":"Publication Of Newspaper Notice Dated April 03, 2018 Pursuant To IEPF (Accounting, Audit, Transfer And Refund) Rules, 2016","link":"https://www.bseindia.com/corporates/anndet_new.aspx?newsid=08515698-1715-4dcf-a1af-c6c73e3ebf9f"},{"ann_date":"30 Mar 2018","announcement":"Announcement under Regulation 30 (LODR)-Analyst / Investor Meet - Intimation","link":"https://www.bseindia.com/corporates/anndet_new.aspx?newsid=4b3ba2b1-05e7-44ff-a8ac-37eff89fb64d"},{"ann_date":"22 Mar 2018","announcement":"Intimation Of Closure Of Trading Window","link":"https://www.bseindia.com/corporates/anndet_new.aspx?newsid=b954d458-137c-4668-a41f-56134d2387f1"},{"ann_date":"28 Feb 2018","announcement":"Announcement under Regulation 30 (LODR)-Analyst / Investor Meet - Intimation","link":"https://www.bseindia.com/corporates/anndet_new.aspx?newsid=7e1d9d1c-0f2d-496e-ba67-7fd5ab50b762"},{"ann_date":"14 Feb 2018","announcement":"Announcement under Regulation 30 (LODR)-Analyst / Investor Meet - Intimation","link":"https://www.bseindia.com/corporates/anndet_new.aspx?newsid=eeffd327-12b1-48b0-8e62-7cf4897a449f"}],"warehouse_set":{"high_price":25240.0,"low_price":16975.0,"sales_growth":7.08,"current_price":19916.75,"dividend_yield":0.83,"face_value":10.0,"id":58,"sales_growth_3years":6.02,"profit_growth_5years":3.94,"average_return_on_equity_3years":16.05,"book_value":3190.15,"status":"Active","pair_url":"/company/BOSCHLTD/consolidated","sales_growth_10years":10.41,"average_return_on_equity_10years":17.27,"profit_growth":-23.1,"market_capitalization":60787.39,"profit_growth_10years":9.68,"price_to_earning":44.13,"industry":"Auto Parts & Equipment","analysis":{"remarks":[],"bad":["The company has delivered a poor growth of 5.65% over past five years."],"good":["Company has reduced debt.","Company is virtually debt free.","Company has been maintaining a healthy dividend payout of 22.50%"]},"result_type":"sa","profit_growth_3years":15.64,"sales_growth_5years":5.65,"return_on_equity":14.12,"average_return_on_equity_5years":15.96},"id":537,"name":"Bosch Ltd"}
