{"prime":"sa","number_set":{"balancesheet":[["Share Capital",{"2008-03-31":361.54,"2016-03-31":655.62,"2014-03-31":723.08,"2011-03-31":361.54,"2015-03-31":723.08,"2013-03-31":723.08,"2006-03-31":361.54,"2012-03-31":361.54,"2017-03-31":1311.25,"2010-03-31":361.54,"2009-03-31":361.54,"2007-03-31":361.54}],["Reserves",{"2008-03-31":11315.29,"2016-03-31":26667.34,"2014-03-31":18735.68,"2011-03-31":13696.08,"2015-03-31":21744.4,"2013-03-31":15910.94,"2006-03-31":8777.88,"2012-03-31":14552.32,"2017-03-31":28357.13,"2010-03-31":12725.17,"2009-03-31":11766.57,"2007-03-31":9912.0}],["Borrowings",{"2008-03-31":15022.38,"2016-03-31":15857.49,"2014-03-31":20321.56,"2011-03-31":18960.32,"2015-03-31":13097.6,"2013-03-31":23839.04,"2006-03-31":8373.6,"2012-03-31":22993.69,"2017-03-31":23159.21,"2010-03-31":22195.2,"2009-03-31":21171.41,"2007-03-31":10829.24}],["Other Liabilities",{"2008-03-31":16365.61,"2016-03-31":32879.15,"2014-03-31":33560.87,"2011-03-31":23910.67,"2015-03-31":35349.42,"2013-03-31":27332.04,"2006-03-31":11040.39,"2012-03-31":28603.96,"2017-03-31":39969.04,"2010-03-31":19034.63,"2009-03-31":14694.12,"2007-03-31":12954.53}],["Total Liabilities",{"2008-03-31":43064.82,"2016-03-31":76059.6,"2014-03-31":73341.19,"2011-03-31":56928.61,"2015-03-31":70914.5,"2013-03-31":67805.1,"2006-03-31":28491.87,"2012-03-31":66511.51,"2017-03-31":92796.63,"2010-03-31":54316.54,"2009-03-31":47993.64,"2007-03-31":34057.31}],["Fixed Assets",{"2008-03-31":11968.67,"2016-03-31":23207.3,"2014-03-31":19039.51,"2011-03-31":15999.33,"2015-03-31":20315.06,"2013-03-31":16690.41,"2006-03-31":9917.36,"2012-03-31":16612.38,"2017-03-31":31436.91,"2010-03-31":13669.35,"2009-03-31":11965.79,"2007-03-31":10981.05}],["CWIP",{"2008-03-31":766.71,"2016-03-31":12664.31,"2014-03-31":3065.1,"2011-03-31":972.39,"2015-03-31":7665.68,"2013-03-31":2419.74,"2006-03-31":1168.11,"2012-03-31":1119.06,"2017-03-31":11622.52,"2010-03-31":2517.75,"2009-03-31":2037.48,"2007-03-31":852.34}],["Investments",{"2008-03-31":10318.21,"2016-03-31":12811.46,"2014-03-31":11846.89,"2011-03-31":12037.06,"2015-03-31":12391.14,"2013-03-31":12103.0,"2006-03-31":3889.37,"2012-03-31":10917.42,"2017-03-31":14601.85,"2010-03-31":13501.33,"2009-03-31":18078.38,"2007-03-31":8294.9}],["Other Assets",{"2008-03-31":20011.23,"2016-03-31":27376.53,"2014-03-31":39389.69,"2011-03-31":27919.83,"2015-03-31":30542.62,"2013-03-31":36591.95,"2006-03-31":13517.03,"2012-03-31":37862.65,"2017-03-31":35135.35,"2010-03-31":24628.11,"2009-03-31":15911.99,"2007-03-31":13929.02}],["Total Assets",{"2008-03-31":43064.82,"2016-03-31":76059.6,"2014-03-31":73341.19,"2011-03-31":56928.61,"2015-03-31":70914.5,"2013-03-31":67805.1,"2006-03-31":28491.87,"2012-03-31":66511.51,"2017-03-31":92796.63,"2010-03-31":54316.54,"2009-03-31":47993.64,"2007-03-31":34057.31}]],"annual":[["Sales",{"2008-03-31":110546.76,"2016-03-31":188404.64,"2014-03-31":260074.99,"2011-03-31":151639.45,"2015-03-31":238086.9,"2013-03-31":240115.75,"2006-03-31":77035.92,"2012-03-31":211972.97,"2017-03-31":202210.57,"2010-03-31":122275.95,"2009-03-31":135237.7,"2007-03-31":97560.22}],["Expenses",{"2008-03-31":107700.49,"2016-03-31":177380.01,"2014-03-31":251974.31,"2011-03-31":148093.49,"2015-03-31":229772.23,"2013-03-31":234008.95,"2006-03-31":76106.88,"2012-03-31":208106.12,"2017-03-31":191381.27,"2010-03-31":119898.37,"2009-03-31":132531.85,"2007-03-31":94108.92}],["Operating Profit",{"2008-03-31":2846.27,"2016-03-31":11024.63,"2014-03-31":8100.68,"2011-03-31":3545.96,"2015-03-31":8314.67,"2013-03-31":6106.8,"2006-03-31":929.04,"2012-03-31":3866.85,"2017-03-31":10829.3,"2010-03-31":2377.58,"2009-03-31":2705.85,"2007-03-31":3451.3}],["OPM",{"2008-03-31":2.57,"2016-03-31":5.85,"2014-03-31":3.11,"2011-03-31":2.34,"2015-03-31":3.49,"2013-03-31":2.54,"2006-03-31":1.21,"2012-03-31":1.82,"2017-03-31":5.36,"2010-03-31":1.94,"2009-03-31":2.0,"2007-03-31":3.54}],["Other Income",{"2008-03-31":1520.8,"2016-03-31":1776.17,"2014-03-31":1454.2,"2011-03-31":1621.36,"2015-03-31":2199.96,"2013-03-31":1680.23,"2006-03-31":493.14,"2012-03-31":1701.78,"2017-03-31":2600.68,"2010-03-31":2240.24,"2009-03-31":1538.76,"2007-03-31":752.49}],["Interest",{"2008-03-31":672.47,"2016-03-31":565.16,"2014-03-31":1359.08,"2011-03-31":1117.03,"2015-03-31":583.1,"2013-03-31":1825.24,"2006-03-31":247.62,"2012-03-31":1799.59,"2017-03-31":495.87,"2010-03-31":1010.95,"2009-03-31":2166.37,"2007-03-31":532.69}],["Depreciation",{"2008-03-31":1098.21,"2016-03-31":1844.6,"2014-03-31":2246.82,"2011-03-31":1655.4,"2015-03-31":2516.02,"2013-03-31":1926.1,"2006-03-31":768.01,"2012-03-31":1884.87,"2017-03-31":1891.32,"2010-03-31":1242.32,"2009-03-31":1075.53,"2007-03-31":904.11}],["Profit before tax",{"2008-03-31":2596.39,"2016-03-31":10391.04,"2014-03-31":5948.98,"2011-03-31":2394.89,"2015-03-31":7415.51,"2013-03-31":4035.69,"2006-03-31":406.55,"2012-03-31":1884.17,"2017-03-31":11042.79,"2010-03-31":2364.55,"2009-03-31":1002.71,"2007-03-31":2766.99}],["Tax",{"2008-03-31":1015.83,"2016-03-31":3334.68,"2014-03-31":1888.1,"2011-03-31":848.21,"2015-03-31":2331.0,"2013-03-31":1392.79,"2006-03-31":114.9,"2012-03-31":572.9,"2017-03-31":3003.49,"2010-03-31":826.93,"2009-03-31":266.81,"2007-03-31":961.52}],["Net Profit",{"2008-03-31":1580.56,"2016-03-31":7056.36,"2014-03-31":4060.88,"2011-03-31":1546.68,"2015-03-31":5084.51,"2013-03-31":2642.9,"2006-03-31":291.65,"2012-03-31":1311.27,"2017-03-31":8039.3,"2010-03-31":1537.62,"2009-03-31":735.9,"2007-03-31":1805.47}],["EPS (unadj)",{"2008-03-31":43.46,"2016-03-31":104.54,"2014-03-31":53.44,"2011-03-31":40.81,"2015-03-31":66.25,"2013-03-31":34.79,"2006-03-31":9.3,"2012-03-31":34.69,"2017-03-31":54.99,"2010-03-31":40.52,"2009-03-31":19.48,"2007-03-31":47.4}],["Dividend Payout",{"2008-03-31":9.15,"2016-03-31":31.77,"2014-03-31":30.27,"2011-03-31":32.73,"2015-03-31":32.0,"2013-03-31":30.1,"2006-03-31":25.72,"2012-03-31":30.33,"2017-03-31":58.46,"2010-03-31":32.92,"2009-03-31":34.39,"2007-03-31":32.04}]],"cashflow":[["Cash from Operating Activity",{"2008-03-31":417.13,"2016-03-31":10179.21,"2014-03-31":8404.11,"2011-03-31":3081.87,"2015-03-31":18183.34,"2013-03-31":5480.45,"2006-03-31":1364.98,"2012-03-31":925.84,"2017-03-31":7881.93,"2010-03-31":-1515.15,"2009-03-31":6212.34,"2007-03-31":4646.65}],["Cash from Investing Activity",{"2008-03-31":-3553.95,"2016-03-31":-7975.48,"2014-03-31":-4285.89,"2011-03-31":1750.5,"2015-03-31":-7909.12,"2013-03-31":-2387.16,"2006-03-31":-4709.67,"2012-03-31":-890.54,"2017-03-31":-10114.68,"2010-03-31":1538.43,"2009-03-31":-9908.75,"2007-03-31":-5899.6}],["Cash from Financing Activity",{"2008-03-31":-197.74,"2016-03-31":-1839.92,"2014-03-31":-6243.73,"2011-03-31":-1817.0,"2015-03-31":-9121.19,"2013-03-31":-1743.25,"2006-03-31":-626.12,"2012-03-31":-4713.14,"2017-03-31":566.56,"2010-03-31":652.09,"2009-03-31":-2285.32,"2007-03-31":-323.64}],["Net Cash Flow",{"2008-03-31":-3334.56,"2016-03-31":363.81,"2014-03-31":-2125.51,"2011-03-31":3015.37,"2015-03-31":1153.03,"2013-03-31":1350.04,"2006-03-31":-3970.81,"2012-03-31":-4677.84,"2017-03-31":-1666.19,"2010-03-31":675.37,"2009-03-31":-5981.73,"2007-03-31":-1576.59}]],"quarters":[["Sales",{"2016-06-30":46938.67,"2016-12-31":53542.7,"2017-03-31":57036.48,"2017-06-30":57132.23,"2015-06-30":52071.09,"2015-03-31":51346.12,"2017-09-30":53325.2,"2015-12-31":46503.97,"2016-03-31":43554.5,"2017-12-31":60616.36,"2016-09-30":44692.72,"2015-09-30":46275.08}],["Expenses",{"2016-06-30":43019.48,"2016-12-31":50226.23,"2017-03-31":54824.21,"2017-06-30":55900.76,"2015-06-30":48265.11,"2015-03-31":46850.07,"2017-09-30":49797.61,"2015-12-31":44011.39,"2016-03-31":40184.39,"2017-12-31":57428.12,"2016-09-30":43311.35,"2015-09-30":44919.12}],["Operating Profit",{"2016-06-30":3919.19,"2016-12-31":3316.47,"2017-03-31":2212.27,"2017-06-30":1231.47,"2015-06-30":3805.98,"2015-03-31":4496.05,"2017-09-30":3527.59,"2015-12-31":2492.58,"2016-03-31":3370.11,"2017-12-31":3188.24,"2016-09-30":1381.37,"2015-09-30":1355.96}],["OPM",{"2016-06-30":8.35,"2016-12-31":6.19,"2017-03-31":3.88,"2017-06-30":2.16,"2015-06-30":7.31,"2015-03-31":8.76,"2017-09-30":6.62,"2015-12-31":5.36,"2016-03-31":7.74,"2017-12-31":5.26,"2016-09-30":3.09,"2015-09-30":2.93}],["Other Income",{"2016-06-30":364.9,"2016-12-31":551.05,"2017-03-31":662.39,"2017-06-30":650.15,"2015-06-30":329.62,"2015-03-31":582.0,"2017-09-30":800.4,"2015-12-31":308.75,"2016-03-31":443.47,"2017-12-31":727.4,"2016-09-30":1022.34,"2015-09-30":694.33}],["Depreciation",{"2016-06-30":431.49,"2016-12-31":483.61,"2017-03-31":523.84,"2017-06-30":589.2,"2015-06-30":540.14,"2015-03-31":699.06,"2017-09-30":640.6,"2015-12-31":453.49,"2016-03-31":429.64,"2017-12-31":677.43,"2016-09-30":452.38,"2015-09-30":421.33}],["Interest",{"2016-06-30":111.1,"2016-12-31":134.85,"2017-03-31":147.51,"2017-06-30":178.86,"2015-06-30":116.99,"2015-03-31":139.07,"2017-09-30":234.81,"2015-12-31":99.04,"2016-03-31":240.54,"2017-12-31":200.2,"2016-09-30":102.41,"2015-09-30":108.59}],["Profit before tax",{"2016-06-30":3741.5,"2016-12-31":3249.06,"2017-03-31":2203.31,"2017-06-30":1113.56,"2015-06-30":3478.47,"2015-03-31":4239.92,"2017-09-30":3452.58,"2015-12-31":2248.8,"2016-03-31":3143.4,"2017-12-31":3038.01,"2016-09-30":1848.92,"2015-09-30":1520.37}],["Tax",{"2016-06-30":1121.0,"2016-12-31":977.12,"2017-03-31":361.63,"2017-06-30":369.0,"2015-06-30":1117.81,"2015-03-31":1387.03,"2017-09-30":1095.18,"2015-12-31":703.65,"2016-03-31":1027.37,"2017-12-31":894.27,"2016-09-30":543.74,"2015-09-30":485.85}],["Net Profit",{"2016-06-30":2620.5,"2016-12-31":2271.94,"2017-03-31":1841.68,"2017-06-30":744.56,"2015-06-30":2360.66,"2015-03-31":2852.89,"2017-09-30":2357.4,"2015-12-31":1545.15,"2016-03-31":2116.03,"2017-12-31":2143.74,"2016-09-30":1305.18,"2015-09-30":1034.52}]]},"bse_code":"500547","short_name":"B P C L","nse_code":"BPCL","companyrating_set":[{"rating__rating":"CRISIL AAA(Stable)","instrument":"Fund based limits","rating__source":"crisil","link":"http://www.crisil.com/ratings/company-wise-ratings.jsp?txtSearch=Bharat Petroleum Corporation Ltd"},{"rating__rating":"CARE AAA","instrument":"LT InstrumentsDebentures","rating__source":"care","link":"http://google.com/search?btnI=1&q=Bharat Petroleum Corporation Ltd+site:careratings.com"},{"rating__rating":"CRISIL AAA(Stable)","instrument":"Non Convertible Debenture","rating__source":"crisil","link":"http://www.crisil.com/ratings/company-wise-ratings.jsp?txtSearch=Bharat Petroleum Corporation Ltd"},{"rating__rating":"CRISIL A1+","instrument":"Non-Fund Based Limit","rating__source":"crisil","link":"http://www.crisil.com/ratings/company-wise-ratings.jsp?txtSearch=Bharat Petroleum Corporation Ltd"},{"rating__rating":"CRISIL AAA(Stable)","instrument":"Proposed Fund-Based Bank Limits","rating__source":"crisil","link":"http://www.crisil.com/ratings/company-wise-ratings.jsp?txtSearch=Bharat Petroleum Corporation Ltd"},{"rating__rating":"CRISIL A1+","instrument":"Proposed Non Fund based limits","rating__source":"crisil","link":"http://www.crisil.com/ratings/company-wise-ratings.jsp?txtSearch=Bharat Petroleum Corporation Ltd"},{"rating__rating":"CRISIL A1+","instrument":"Short Term Debt","rating__source":"crisil","link":"http://www.crisil.com/ratings/company-wise-ratings.jsp?txtSearch=Bharat Petroleum Corporation Ltd"}],"annualreport_set":[{"source":"bse","report_date":2017,"link":"http://www.bseindia.com/bseplus/AnnualReport/500547/5005470317.pdf"},{"source":"bse","report_date":2016,"link":"http://www.bseindia.com/bseplus/AnnualReport/500547/5005470316.pdf"},{"source":"bse","report_date":2015,"link":"http://www.bseindia.com/bseplus/AnnualReport/500547/5005470315.pdf"},{"source":"bse","report_date":2014,"link":"http://www.bseindia.com/bseplus/AnnualReport/500547/5005470314.pdf"},{"source":"bse","report_date":2013,"link":"http://www.bseindia.com/bseplus/annualreport/500547/5005470313.pdf"},{"source":"nse","report_date":2013,"link":"http://nseindia.com/annual_reports/AR_1216_BPCL_2012_2013_27082013105529.zip"},{"source":"bse","report_date":2012,"link":"http://www.bseindia.com/bseplus/annualreport/500547/5005470312.pdf"},{"source":"bse","report_date":2011,"link":"http://www.bseindia.com/bseplus/annualreport/500547/5005470311.pdf"},{"source":"nse","report_date":2011,"link":"http://nseindia.com/annual_reports/AR_BPCL_2010_2011_11102011031717.zip"},{"source":"bse","report_date":2010,"link":"http://www.bseindia.com/bseplus/annualreport/500547/5005470310.pdf"},{"source":"nse","report_date":2010,"link":"http://nseindia.com/annual_reports/AR_BPCL_2009_2010_30122010111254.zip"}],"announcement_set":[{"ann_date":"06 Apr 2018","announcement":"Statement Of Investor Complaints For The Quarter Ended March 2018","link":"https://www.bseindia.com/corporates/anndet_new.aspx?newsid=ec4a8f78-cf99-4148-946b-a6bac4dbf5c8"},{"ann_date":"21 Mar 2018","announcement":"Announcement under Regulation 30 (LODR)-Change in Directorate","link":"https://www.bseindia.com/corporates/anndet_new.aspx?newsid=d5b87a05-485b-412a-8f7d-f0cfa285b088"},{"ann_date":"13 Mar 2018","announcement":"Announcement under Regulation 30 (LODR)-Updates","link":"https://www.bseindia.com/corporates/anndet_new.aspx?newsid=1bfc1553-4a9f-41de-9e2a-8227105a99e0"},{"ann_date":"05 Mar 2018","announcement":"Announcement under Regulation 30 (LODR)-Updates","link":"https://www.bseindia.com/corporates/anndet_new.aspx?newsid=a9886b32-d3e7-4584-becd-58022142a484"},{"ann_date":"16 Feb 2018","announcement":"Clarification sought from Bharat Petroleum Corporation Ltd","link":"https://www.bseindia.com/corporates/anndet_new.aspx?newsid=a0721024-2238-4cbc-972d-784cf345d62b"}],"warehouse_set":{"high_price":551.55,"low_price":399.33,"sales_growth":20.87,"current_price":433.95,"dividend_yield":4.99,"face_value":10.0,"id":799,"sales_growth_3years":-8.05,"profit_growth_5years":42.86,"average_return_on_equity_3years":27.26,"book_value":160.95,"status":"Active","pair_url":"/company/BPCL/consolidated","sales_growth_10years":6.94,"average_return_on_equity_10years":20.25,"profit_growth":-14.75,"market_capitalization":94134.72,"profit_growth_10years":20.07,"price_to_earning":13.28,"industry":"Refineries/ Petro-Products","analysis":{"remarks":[],"bad":["The company has delivered a poor growth of -0.94% over past five years."],"good":["Stock is providing a good dividend yield of 4.99%.","Company has good consistent profit growth of 42.86% over 5 years","Company has a good return on equity (ROE) track record: 3 Years ROE 27.26%","Company has been maintaining a healthy dividend payout of 42.46%"]},"result_type":"sa","profit_growth_3years":25.33,"sales_growth_5years":-0.94,"return_on_equity":28.24,"average_return_on_equity_5years":25.08},"id":462,"name":"Bharat Petroleum Corporation Ltd"}
