{"prime":"sa","number_set":{"balancesheet":[["Share Capital",{"2008-03-31":410.0,"2016-03-31":542.99,"2014-03-31":461.26,"2011-03-31":443.0,"2015-03-31":475.2,"2013-03-31":443.0,"2006-03-31":410.0,"2012-03-31":443.0,"2017-03-31":597.29,"2010-03-31":410.0,"2009-03-31":410.0,"2007-03-31":410.0}],["Reserves",{"2008-03-31":7885.63,"2016-03-31":25615.55,"2014-03-31":23660.6,"2011-03-31":17498.46,"2015-03-31":25978.18,"2013-03-31":22401.55,"2006-03-31":6608.86,"2012-03-31":20181.82,"2017-03-31":27715.1,"2010-03-31":12129.1,"2009-03-31":9629.61,"2007-03-31":7701.12}],["Borrowings",{"2008-03-31":156589.65,"2016-03-31":506664.88,"2014-03-31":447953.45,"2011-03-31":307698.28,"2015-03-31":499511.67,"2013-03-31":376139.37,"2006-03-31":116829.05,"2012-03-31":342579.12,"2017-03-31":534778.8,"2010-03-31":243092.0,"2009-03-31":200893.46,"2007-03-31":143955.8}],["Other Liabilities",{"2008-03-31":15810.76,"2016-03-31":24146.8,"2014-03-31":20190.67,"2011-03-31":10595.13,"2015-03-31":22796.57,"2013-03-31":13690.21,"2006-03-31":9090.03,"2012-03-31":11263.18,"2017-03-31":24511.01,"2010-03-31":9420.58,"2009-03-31":8712.73,"2007-03-31":14032.17}],["Total Liabilities",{"2008-03-31":180696.04,"2016-03-31":556970.22,"2014-03-31":492265.98,"2011-03-31":336234.87,"2015-03-31":548761.62,"2013-03-31":412674.13,"2006-03-31":132937.94,"2012-03-31":374467.12,"2017-03-31":587602.2,"2010-03-31":265051.68,"2009-03-31":219645.8,"2007-03-31":166099.09}],["Fixed Assets",{"2008-03-31":2916.87,"2016-03-31":7198.1,"2014-03-31":6641.56,"2011-03-31":2844.41,"2015-03-31":6949.45,"2013-03-31":2862.72,"2006-03-31":688.47,"2012-03-31":2857.53,"2017-03-31":7168.32,"2010-03-31":2859.37,"2009-03-31":2929.46,"2007-03-31":2861.35}],["CWIP",{"2008-03-31":0.0,"2016-03-31":0.0,"2014-03-31":0.0,"2011-03-31":0.0,"2015-03-31":0.0,"2013-03-31":0.0,"2006-03-31":0.0,"2012-03-31":0.0,"2017-03-31":0.0,"2010-03-31":0.0,"2009-03-31":0.0,"2007-03-31":0.0}],["Investments",{"2008-03-31":49811.57,"2016-03-31":142309.3,"2014-03-31":126828.26,"2011-03-31":83636.02,"2015-03-31":142061.42,"2013-03-31":121132.83,"2006-03-31":36974.18,"2012-03-31":102057.43,"2017-03-31":150265.89,"2010-03-31":69676.95,"2009-03-31":57776.9,"2007-03-31":45225.54}],["Other Assets",{"2008-03-31":127967.6,"2016-03-31":407462.82,"2014-03-31":358796.16,"2011-03-31":249754.44,"2015-03-31":399750.75,"2013-03-31":288678.58,"2006-03-31":95275.29,"2012-03-31":269552.16,"2017-03-31":430167.99,"2010-03-31":192515.36,"2009-03-31":158939.44,"2007-03-31":118012.2}],["Total Assets",{"2008-03-31":180696.04,"2016-03-31":556970.22,"2014-03-31":492265.98,"2011-03-31":336234.87,"2015-03-31":548761.62,"2013-03-31":412674.13,"2006-03-31":132937.94,"2012-03-31":374467.12,"2017-03-31":587602.2,"2010-03-31":265051.68,"2009-03-31":219645.8,"2007-03-31":166099.09}]],"annual":[["Sales",{"2008-03-31":14200.74,"2016-03-31":44022.14,"2014-03-31":39547.61,"2011-03-31":22940.07,"2015-03-31":43750.04,"2013-03-31":34077.94,"2006-03-31":8711.51,"2012-03-31":30850.62,"2017-03-31":41387.64,"2010-03-31":18751.96,"2009-03-31":17119.05,"2007-03-31":11364.56}],["Expenses",{"2008-03-31":3771.13,"2016-03-31":17654.4,"2014-03-31":9585.54,"2011-03-31":5333.54,"2015-03-31":10289.24,"2013-03-31":7170.21,"2006-03-31":3355.72,"2012-03-31":6377.31,"2017-03-31":15456.72,"2010-03-31":4561.87,"2009-03-31":4398.85,"2007-03-31":3719.64}],["Operating Profit",{"2008-03-31":10429.61,"2016-03-31":26367.74,"2014-03-31":29962.07,"2011-03-31":17606.53,"2015-03-31":33460.8,"2013-03-31":26907.73,"2006-03-31":5355.79,"2012-03-31":24473.31,"2017-03-31":25930.92,"2010-03-31":14190.09,"2009-03-31":12720.2,"2007-03-31":7644.92}],["OPM",{"2008-03-31":73.44,"2016-03-31":59.9,"2014-03-31":75.76,"2011-03-31":76.75,"2015-03-31":76.48,"2013-03-31":78.96,"2006-03-31":61.48,"2012-03-31":79.33,"2017-03-31":62.65,"2010-03-31":75.67,"2009-03-31":74.3,"2007-03-31":67.27}],["Other Income",{"2008-03-31":2308.31,"2016-03-31":4875.23,"2014-03-31":3932.76,"2011-03-31":2811.46,"2015-03-31":4550.25,"2013-03-31":3153.01,"2006-03-31":1462.46,"2012-03-31":2927.6,"2017-03-31":7554.4,"2010-03-31":2857.9,"2009-03-31":2427.1,"2007-03-31":1511.8}],["Interest",{"2008-03-31":10662.94,"2016-03-31":34258.77,"2014-03-31":30603.17,"2011-03-31":15240.74,"2015-03-31":34086.37,"2013-03-31":26198.94,"2006-03-31":5130.0,"2012-03-31":23161.31,"2017-03-31":31515.87,"2010-03-31":13071.43,"2009-03-31":12401.24,"2007-03-31":7337.73}],["Depreciation",{"2008-03-31":169.97,"2016-03-31":169.96,"2014-03-31":228.47,"2011-03-31":151.36,"2015-03-31":427.06,"2013-03-31":189.69,"2006-03-31":145.03,"2012-03-31":156.89,"2017-03-31":327.54,"2010-03-31":155.13,"2009-03-31":173.64,"2007-03-31":148.18}],["Profit before tax",{"2008-03-31":1905.01,"2016-03-31":-3185.77,"2014-03-31":3063.19,"2011-03-31":5025.89,"2015-03-31":3497.63,"2013-03-31":3672.1,"2006-03-31":1543.22,"2012-03-31":4082.71,"2017-03-31":1641.92,"2010-03-31":3821.43,"2009-03-31":2572.42,"2007-03-31":1670.81}],["Tax",{"2008-03-31":340.0,"2016-03-31":-372.95,"2014-03-31":625.0,"2011-03-31":1000.0,"2015-03-31":795.0,"2013-03-31":800.0,"2006-03-31":200.0,"2012-03-31":800.0,"2017-03-31":520.0,"2010-03-31":800.0,"2009-03-31":500.0,"2007-03-31":250.0}],["Net Profit",{"2008-03-31":1565.01,"2016-03-31":-2812.82,"2014-03-31":2438.19,"2011-03-31":4025.89,"2015-03-31":2702.62,"2013-03-31":2872.1,"2006-03-31":1343.22,"2012-03-31":3282.71,"2017-03-31":1121.92,"2010-03-31":3021.43,"2009-03-31":2072.42,"2007-03-31":1420.81}],["EPS (unadj)",{"2008-03-31":36.81,"2016-03-31":0.0,"2014-03-31":50.99,"2011-03-31":89.07,"2015-03-31":54.54,"2013-03-31":62.62,"2006-03-31":31.83,"2012-03-31":72.3,"2017-03-31":18.78,"2010-03-31":71.99,"2009-03-31":49.19,"2007-03-31":33.46}],["Dividend Payout",{"2008-03-31":20.96,"2016-03-31":-0.0,"2014-03-31":20.81,"2011-03-31":12.1,"2015-03-31":18.46,"2013-03-31":20.05,"2006-03-31":20.15,"2012-03-31":14.84,"2017-03-31":5.32,"2010-03-31":13.57,"2009-03-31":15.83,"2007-03-31":20.2}]],"cashflow":[["Cash from Operating Activity",{"2008-03-31":2632.6,"2016-03-31":6078.45,"2014-03-31":9535.2,"2011-03-31":8527.35,"2015-03-31":4547.09,"2013-03-31":8434.11,"2006-03-31":3790.33,"2012-03-31":-832.21,"2017-03-31":2316.16,"2010-03-31":4694.39,"2009-03-31":-990.03,"2007-03-31":1535.43}],["Cash from Investing Activity",{"2008-03-31":-262.41,"2016-03-31":-317.24,"2014-03-31":-500.63,"2011-03-31":-73.22,"2015-03-31":-874.9,"2013-03-31":-260.96,"2006-03-31":-157.51,"2012-03-31":-141.56,"2017-03-31":-348.47,"2010-03-31":-72.21,"2009-03-31":-222.1,"2007-03-31":-191.07}],["Cash from Financing Activity",{"2008-03-31":-866.08,"2016-03-31":2331.36,"2014-03-31":1079.44,"2011-03-31":2600.78,"2015-03-31":140.19,"2013-03-31":-1637.86,"2006-03-31":522.0,"2012-03-31":-1554.94,"2017-03-31":124.11,"2010-03-31":-1628.75,"2009-03-31":-6.13,"2007-03-31":2206.02}],["Net Cash Flow",{"2008-03-31":1504.11,"2016-03-31":8092.57,"2014-03-31":10114.01,"2011-03-31":11054.91,"2015-03-31":3812.38,"2013-03-31":6535.29,"2006-03-31":4154.82,"2012-03-31":-2528.71,"2017-03-31":2091.8,"2010-03-31":2993.43,"2009-03-31":-1218.26,"2007-03-31":3550.38}]],"quarters":[["Sales",{"2016-06-30":10201.7,"2016-12-31":10287.67,"2017-03-31":10492.92,"2017-06-30":10195.59,"2015-06-30":11139.65,"2015-03-31":11103.4,"2017-09-30":10058.45,"2015-12-31":10882.07,"2016-03-31":10732.91,"2017-12-31":10774.64,"2016-09-30":10405.35,"2015-09-30":11267.5}],["Expenses",{"2016-06-30":3566.1,"2016-12-31":3708.74,"2017-03-31":4840.32,"2017-06-30":4553.15,"2015-06-30":2985.65,"2015-03-31":3088.99,"2017-09-30":4396.38,"2015-12-31":3271.57,"2016-03-31":8441.98,"2017-12-31":5087.83,"2016-09-30":3669.09,"2015-09-30":3125.16}],["Operating Profit",{"2016-06-30":6635.6,"2016-12-31":6578.93,"2017-03-31":5652.6,"2017-06-30":5642.44,"2015-06-30":8154.0,"2015-03-31":8014.41,"2017-09-30":5662.07,"2015-12-31":7610.5,"2016-03-31":2290.93,"2017-12-31":5686.81,"2016-09-30":6736.26,"2015-09-30":8142.34}],["OPM",{"2016-06-30":65.04,"2016-12-31":63.95,"2017-03-31":53.87,"2017-06-30":55.34,"2015-06-30":73.2,"2015-03-31":72.18,"2017-09-30":56.29,"2015-12-31":69.94,"2016-03-31":21.34,"2017-12-31":52.78,"2016-09-30":64.74,"2015-09-30":72.26}],["Other Income",{"2016-06-30":1584.65,"2016-12-31":1791.7,"2017-03-31":2396.28,"2017-06-30":2108.51,"2015-06-30":1112.99,"2015-03-31":1325.81,"2017-09-30":1936.19,"2015-12-31":1168.56,"2016-03-31":1383.23,"2017-12-31":1566.45,"2016-09-30":1781.77,"2015-09-30":1210.45}],["Depreciation",{"2016-06-30":0.0,"2016-12-31":0.0,"2017-03-31":0.0,"2017-06-30":0.0,"2015-06-30":0.0,"2015-03-31":0.0,"2017-09-30":0.0,"2015-12-31":0.0,"2016-03-31":0.0,"2017-12-31":0.0,"2016-09-30":0.0,"2015-09-30":0.0}],["Interest",{"2016-06-30":7894.3,"2016-12-31":7873.87,"2017-03-31":7784.7,"2017-06-30":7482.35,"2015-06-30":8623.15,"2015-03-31":8617.26,"2017-09-30":7275.08,"2015-12-31":8655.47,"2016-03-31":8359.15,"2017-12-31":7095.51,"2016-09-30":7963.0,"2015-09-30":8621.0}],["Profit before tax",{"2016-06-30":325.95,"2016-12-31":496.76,"2017-03-31":264.18,"2017-06-30":268.6,"2015-06-30":643.84,"2015-03-31":722.96,"2017-09-30":323.18,"2015-12-31":123.59,"2016-03-31":-4684.99,"2017-12-31":157.75,"2016-09-30":555.03,"2015-09-30":731.79}],["Tax",{"2016-06-30":97.0,"2016-12-31":174.88,"2017-03-31":50.0,"2017-06-30":17.0,"2015-06-30":165.0,"2015-03-31":110.0,"2017-09-30":63.0,"2015-12-31":38.62,"2016-03-31":-779.5,"2017-12-31":32.0,"2016-09-30":198.12,"2015-09-30":202.93}],["Net Profit",{"2016-06-30":228.95,"2016-12-31":321.88,"2017-03-31":214.18,"2017-06-30":251.6,"2015-06-30":478.84,"2015-03-31":612.96,"2017-09-30":260.18,"2015-12-31":84.97,"2016-03-31":-3905.49,"2017-12-31":125.75,"2016-09-30":356.91,"2015-09-30":528.86}]]},"bse_code":"532483","short_name":"Canara Bank","nse_code":"CANBK","companyrating_set":[{"rating__rating":"CRISIL A1+","instrument":"Certificate of Deposit","rating__source":"crisil","link":"http://www.crisil.com/ratings/company-wise-ratings.jsp?txtSearch=Canara Bank"},{"rating__rating":"[ICRA]AAA (stable)","instrument":"Financial Sector Rating-Long Term","rating__source":"icra","link":"http://icra.in/search.aspx?word=Canara Bank"},{"rating__rating":"[ICRA]AAA(hyb)(sta ble)","instrument":"Financial Sector Rating-Long Term","rating__source":"icra","link":"http://icra.in/search.aspx?word=Canara Bank"},{"rating__rating":"[ICRA]A1+","instrument":"Financial Sector Rating-Short Term","rating__source":"icra","link":"http://icra.in/search.aspx?word=Canara Bank"},{"rating__rating":"BWR AAA(Stable)","instrument":"Innovative Perpetual Debt Instrument 150 Crore","rating__source":"brickworks","link":"http://google.com/search?btnI=1&q=Canara Bank+site:brickworkratings.com"},{"rating__rating":"BWR AAA(Stable)","instrument":"Innovative Perpetual Debt Instrument 300 Crore","rating__source":"brickworks","link":"http://google.com/search?btnI=1&q=Canara Bank+site:brickworkratings.com"},{"rating__rating":"BWR AAA(Stable)","instrument":"Innovative Perpetual Debt Instrument 400 Crore","rating__source":"brickworks","link":"http://google.com/search?btnI=1&q=Canara Bank+site:brickworkratings.com"},{"rating__rating":"BWR AAA(Stable)","instrument":"Innovative Perpetual Debt Instrument 800 Crore","rating__source":"brickworks","link":"http://google.com/search?btnI=1&q=Canara Bank+site:brickworkratings.com"},{"rating__rating":"IND AAA(Stable)","instrument":"Long Term Rating","rating__source":"fitch","link":"http://www.indiaratings.co.in/search/search.jsp?q=Canara Bank"},{"rating__rating":"CRISIL AAA(Stable)","instrument":"Lower Tier II Bonds","rating__source":"crisil","link":"http://www.crisil.com/ratings/company-wise-ratings.jsp?txtSearch=Canara Bank"},{"rating__rating":"CRISIL AAA(Stable)","instrument":"Perpetual Tier I Bonds","rating__source":"crisil","link":"http://www.crisil.com/ratings/company-wise-ratings.jsp?txtSearch=Canara Bank"},{"rating__rating":"CRISIL AAA(Stable)","instrument":"Tier II Bonds (Under Basel III)","rating__source":"crisil","link":"http://www.crisil.com/ratings/company-wise-ratings.jsp?txtSearch=Canara Bank"},{"rating__rating":"CRISIL AAA(Stable)","instrument":"Upper Tier II Bonds","rating__source":"crisil","link":"http://www.crisil.com/ratings/company-wise-ratings.jsp?txtSearch=Canara Bank"},{"rating__rating":"BWR AAA(Stable)","instrument":"Upper Tier II Bonds  1000 Crore","rating__source":"brickworks","link":"http://google.com/search?btnI=1&q=Canara Bank+site:brickworkratings.com"}],"annualreport_set":[{"source":"bse","report_date":2017,"link":"http://www.bseindia.com/bseplus/AnnualReport/532483/5324830317.pdf"},{"source":"bse","report_date":2016,"link":"http://www.bseindia.com/bseplus/AnnualReport/532483/5324830316.pdf"},{"source":"bse","report_date":2015,"link":"http://www.bseindia.com/bseplus/AnnualReport/532483/5324830315.pdf"},{"source":"bse","report_date":2014,"link":"http://www.bseindia.com/bseplus/AnnualReport/532483/5324830314.pdf"},{"source":"bse","report_date":2013,"link":"http://www.bseindia.com/bseplus/annualreport/532483/5324830313.pdf"},{"source":"bse","report_date":2012,"link":"http://www.bseindia.com/bseplus/annualreport/532483/5324830312.PDF"},{"source":"bse","report_date":2011,"link":"http://www.bseindia.com/bseplus/annualreport/532483/5324830311.pdf"},{"source":"bse","report_date":2010,"link":"http://www.bseindia.com/bseplus/annualreport/532483/5324830310.pdf"},{"source":"nse","report_date":2010,"link":"http://nseindia.com/annual_reports/AR_CANBK_2009_2010_08042011102255.zip"}],"announcement_set":[{"ann_date":"07 Apr 2018","announcement":"Shareholding for the Period Ended March 31, 2018","link":"https://www.bseindia.com/corporates/anndet_new.aspx?newsid=8e6bcef8-8372-4e52-975f-3e400a48ff9e"},{"ann_date":"03 Apr 2018","announcement":"Compliance Certificate For The Half Year Ended 31/03/2018","link":"https://www.bseindia.com/corporates/anndet_new.aspx?newsid=16eecc4b-5892-4ff0-8a21-a490136c6670"},{"ann_date":"02 Apr 2018","announcement":"Credit Confirmation Of Annual Interest Payment - Regulation 57 (1) Of SEBI Listing Obligations & Disclosure (Requirements) Regulations, 2015 - ISIN: INE476A09207 - - Unsecured Non-Convertible Subordinated Perpetual Tier I Series I Bond - Coupon Rate: 9.00% - Interest Amount Due On   30-Mar-2018.","link":"https://www.bseindia.com/corporates/anndet_new.aspx?newsid=90c4b831-68ca-43c8-b95c-c36e7173bbfd"},{"ann_date":"02 Apr 2018","announcement":"Statement Of Deviation Or Variation In Public Issue, Rights Issue,Preferential Issue Etc., For The Quarter Ended 31.03.2018","link":"https://www.bseindia.com/corporates/anndet_new.aspx?newsid=f2d888e3-83f9-40ec-9bd3-77ba5b790c67"},{"ann_date":"31 Mar 2018","announcement":"Disclosure Under Regulation 29(1) Of The SEBI(SAST) Regulations, 2011","link":"https://www.bseindia.com/corporates/anndet_new.aspx?newsid=db5effae-9f5b-4d98-828e-e6d60f65b9b2"}],"warehouse_set":{"high_price":463.7,"low_price":225.2,"sales_growth":-0.25,"current_price":285.9,"dividend_yield":0.28,"face_value":10.0,"id":1792,"sales_growth_3years":1.53,"profit_growth_5years":-19.34,"average_return_on_equity_3years":1.48,"book_value":394.82,"status":"Active","pair_url":"/company/CANBK/consolidated","sales_growth_10years":12.62,"average_return_on_equity_10years":11.63,"profit_growth":128.41,"market_capitalization":20963.47,"profit_growth_10years":-3.64,"price_to_earning":24.61,"industry":"Banks","analysis":{"remarks":[],"bad":["Company has low interest coverage ratio.","Promoter's stake has decreased","The company has delivered a poor growth of 6.05% over past five years.","Company has a low return on equity of 1.48% for last 3 years.","Contingent liabilities of Rs.432470.42 Cr.","Earnings include an other income of Rs.8007.43 Cr.","Dividend payout has been low at 8.42% of profits over last 3 years"],"good":["Stock is trading at 0.72 times its book value"]},"result_type":"sa","profit_growth_3years":-22.81,"sales_growth_5years":6.05,"return_on_equity":4.11,"average_return_on_equity_5years":5.25},"id":579,"name":"Canara Bank"}
