{"prime":"sa","number_set":{"balancesheet":[["Share Capital",{"2008-03-31":1204.14,"2016-03-31":1689.71,"2014-03-31":2967.44,"2011-03-31":2021.14,"2015-03-31":1658.27,"2013-03-31":2661.58,"2006-03-31":1124.14,"2012-03-31":2353.12,"2017-03-31":1902.17,"2010-03-31":1771.14,"2009-03-31":1321.14,"2007-03-31":1124.14}],["Reserves",{"2008-03-31":2699.95,"2016-03-31":12697.08,"2014-03-31":10981.0,"2011-03-31":4898.15,"2015-03-31":13984.48,"2013-03-31":10783.69,"2006-03-31":1810.19,"2012-03-31":8201.45,"2017-03-31":12160.59,"2010-03-31":3959.09,"2009-03-31":3082.0,"2007-03-31":2179.84}],["Borrowings",{"2008-03-31":110768.77,"2016-03-31":275392.08,"2014-03-31":262148.77,"2011-03-31":192243.99,"2015-03-31":281546.52,"2013-03-31":244343.82,"2006-03-31":66793.46,"2012-03-31":209092.92,"2017-03-31":305953.64,"2010-03-31":169434.11,"2009-03-31":132076.1,"2007-03-31":83558.29}],["Other Liabilities",{"2008-03-31":10590.7,"2016-03-31":16239.03,"2014-03-31":15745.72,"2011-03-31":12584.33,"2015-03-31":15282.95,"2013-03-31":12170.38,"2006-03-31":5341.01,"2012-03-31":12028.84,"2017-03-31":13966.14,"2010-03-31":9303.42,"2009-03-31":12454.62,"2007-03-31":7281.38}],["Total Liabilities",{"2008-03-31":124463.56,"2016-03-31":306017.9,"2014-03-31":290225.93,"2011-03-31":210130.61,"2015-03-31":312472.22,"2013-03-31":268342.47,"2006-03-31":75068.8,"2012-03-31":230059.33,"2017-03-31":333982.54,"2010-03-31":183100.76,"2009-03-31":148016.86,"2007-03-31":93343.65}],["Fixed Assets",{"2008-03-31":2320.29,"2016-03-31":4359.29,"2014-03-31":2804.39,"2011-03-31":2425.39,"2015-03-31":2833.16,"2013-03-31":2684.75,"2006-03-31":724.84,"2012-03-31":2473.91,"2017-03-31":4290.37,"2010-03-31":2343.29,"2009-03-31":2277.99,"2007-03-31":767.27}],["CWIP",{"2008-03-31":0.0,"2016-03-31":0.0,"2014-03-31":0.0,"2011-03-31":0.0,"2015-03-31":0.0,"2013-03-31":0.0,"2006-03-31":0.0,"2012-03-31":0.0,"2017-03-31":0.0,"2010-03-31":0.0,"2009-03-31":0.0,"2007-03-31":0.0}],["Investments",{"2008-03-31":31455.19,"2016-03-31":88867.54,"2014-03-31":86135.14,"2011-03-31":54504.49,"2015-03-31":89739.96,"2013-03-31":72603.79,"2006-03-31":28639.09,"2012-03-31":59243.27,"2017-03-31":92094.88,"2010-03-31":50562.87,"2009-03-31":43060.71,"2007-03-31":27741.89}],["Other Assets",{"2008-03-31":90688.08,"2016-03-31":212791.07,"2014-03-31":201286.4,"2011-03-31":153200.73,"2015-03-31":219899.1,"2013-03-31":193053.93,"2006-03-31":45704.87,"2012-03-31":168342.15,"2017-03-31":237597.29,"2010-03-31":130194.6,"2009-03-31":102678.16,"2007-03-31":64834.49}],["Total Assets",{"2008-03-31":124463.56,"2016-03-31":306017.9,"2014-03-31":290225.93,"2011-03-31":210130.61,"2015-03-31":312472.22,"2013-03-31":268342.47,"2006-03-31":75068.8,"2012-03-31":230059.33,"2017-03-31":333982.54,"2010-03-31":183100.76,"2009-03-31":148016.86,"2007-03-31":93343.65}]],"annual":[["Sales",{"2008-03-31":7884.26,"2016-03-31":25887.9,"2014-03-31":24427.55,"2011-03-31":15220.57,"2015-03-31":26408.78,"2013-03-31":21860.65,"2006-03-31":5385.58,"2012-03-31":19149.5,"2017-03-31":24661.41,"2010-03-31":12064.31,"2009-03-31":10455.19,"2007-03-31":6234.21}],["Expenses",{"2008-03-31":2120.17,"2016-03-31":11434.16,"2014-03-31":9203.26,"2011-03-31":4812.52,"2015-03-31":8021.61,"2013-03-31":5900.5,"2006-03-31":null,"2012-03-31":5774.07,"2017-03-31":12721.39,"2010-03-31":2652.25,"2009-03-31":2290.22,"2007-03-31":null}],["Operating Profit",{"2008-03-31":5764.09,"2016-03-31":14453.74,"2014-03-31":15224.29,"2011-03-31":10408.05,"2015-03-31":18387.17,"2013-03-31":15960.15,"2006-03-31":null,"2012-03-31":13375.43,"2017-03-31":11940.02,"2010-03-31":9412.06,"2009-03-31":8164.97,"2007-03-31":null}],["OPM",{"2008-03-31":73.11,"2016-03-31":55.83,"2014-03-31":62.32,"2011-03-31":68.38,"2015-03-31":69.63,"2013-03-31":73.01,"2006-03-31":null,"2012-03-31":69.85,"2017-03-31":48.42,"2010-03-31":78.02,"2009-03-31":78.09,"2007-03-31":null}],["Other Income",{"2008-03-31":933.93,"2016-03-31":1938.79,"2014-03-31":1922.58,"2011-03-31":1265.04,"2015-03-31":1894.23,"2013-03-31":1667.33,"2006-03-31":610.44,"2012-03-31":1395.3,"2017-03-31":2875.64,"2010-03-31":1735.24,"2009-03-31":1070.32,"2007-03-31":725.44}],["Interest",{"2008-03-31":5772.47,"2016-03-31":18822.27,"2014-03-31":17933.16,"2011-03-31":9895.23,"2015-03-31":19161.71,"2013-03-31":16123.08,"2006-03-31":3005.51,"2012-03-31":13980.85,"2017-03-31":18087.4,"2010-03-31":9519.01,"2009-03-31":8226.72,"2007-03-31":3759.79}],["Depreciation",{"2008-03-31":73.61,"2016-03-31":239.43,"2014-03-31":208.55,"2011-03-31":118.69,"2015-03-31":229.24,"2013-03-31":184.45,"2006-03-31":50.9,"2012-03-31":143.54,"2017-03-31":257.37,"2010-03-31":78.75,"2009-03-31":83.59,"2007-03-31":65.0}],["Profit before tax",{"2008-03-31":851.94,"2016-03-31":-2669.19,"2014-03-31":-994.84,"2011-03-31":1659.17,"2015-03-31":890.45,"2013-03-31":1319.96,"2006-03-31":375.93,"2012-03-31":646.34,"2017-03-31":-3529.1,"2010-03-31":1549.54,"2009-03-31":924.98,"2007-03-31":695.31}],["Tax",{"2008-03-31":301.78,"2016-03-31":-1251.0,"2014-03-31":268.0,"2011-03-31":406.76,"2015-03-31":284.0,"2013-03-31":305.0,"2006-03-31":118.51,"2012-03-31":113.3,"2017-03-31":-1090.0,"2010-03-31":491.31,"2009-03-31":353.74,"2007-03-31":197.3}],["Net Profit",{"2008-03-31":550.16,"2016-03-31":-1418.19,"2014-03-31":-1262.84,"2011-03-31":1252.41,"2015-03-31":606.45,"2013-03-31":1014.96,"2006-03-31":257.42,"2012-03-31":533.04,"2017-03-31":-2439.1,"2010-03-31":1058.23,"2009-03-31":571.24,"2007-03-31":498.01}],["EPS (unadj)",{"2008-03-31":11.25,"2016-03-31":0.0,"2014-03-31":0.0,"2011-03-31":27.13,"2015-03-31":3.56,"2013-03-31":7.61,"2006-03-31":22.28,"2012-03-31":4.89,"2017-03-31":0.0,"2010-03-31":24.27,"2009-03-31":11.83,"2007-03-31":148.41}],["Dividend Payout",{"2008-03-31":14.69,"2016-03-31":-0.0,"2014-03-31":-0.0,"2011-03-31":8.07,"2015-03-31":13.67,"2013-03-31":25.73,"2006-03-31":19.43,"2012-03-31":27.62,"2017-03-31":-0.0,"2010-03-31":8.4,"2009-03-31":14.15,"2007-03-31":19.96}]],"cashflow":[["Cash from Operating Activity",{"2008-03-31":3382.94,"2016-03-31":308.16,"2014-03-31":-2022.84,"2011-03-31":-6365.25,"2015-03-31":2248.46,"2013-03-31":-1108.72,"2006-03-31":-2438.92,"2012-03-31":-2077.49,"2017-03-31":61847.31,"2010-03-31":6455.47,"2009-03-31":-1089.29,"2007-03-31":3904.35}],["Cash from Investing Activity",{"2008-03-31":-70.19,"2016-03-31":-178.87,"2014-03-31":-362.77,"2011-03-31":-232.71,"2015-03-31":-328.03,"2013-03-31":-421.89,"2006-03-31":-35.36,"2012-03-31":-221.78,"2017-03-31":-175.65,"2010-03-31":-132.24,"2009-03-31":-60.8,"2007-03-31":-112.56}],["Cash from Financing Activity",{"2008-03-31":713.6,"2016-03-31":601.48,"2014-03-31":671.43,"2011-03-31":2663.75,"2015-03-31":511.82,"2013-03-31":1496.22,"2006-03-31":215.44,"2012-03-31":1143.07,"2017-03-31":1553.79,"2010-03-31":642.55,"2009-03-31":562.09,"2007-03-31":227.01}],["Net Cash Flow",{"2008-03-31":4026.35,"2016-03-31":730.77,"2014-03-31":-1714.18,"2011-03-31":-3934.21,"2015-03-31":2432.25,"2013-03-31":-34.39,"2006-03-31":-2258.84,"2012-03-31":-1156.2,"2017-03-31":63225.45,"2010-03-31":6965.78,"2009-03-31":-588.0,"2007-03-31":4018.8}]],"quarters":[["Sales",{"2016-06-30":6168.31,"2016-12-31":6064.34,"2017-03-31":6239.95,"2017-06-30":6210.91,"2015-06-30":6685.26,"2015-03-31":6769.59,"2017-09-30":6166.06,"2015-12-31":6420.3,"2016-03-31":6151.4,"2017-12-31":6026.55,"2016-09-30":6188.81,"2015-09-30":6630.94}],["Expenses",{"2016-06-30":3111.07,"2016-12-31":3133.69,"2017-03-31":3457.44,"2017-06-30":2809.44,"2015-06-30":1945.39,"2015-03-31":2213.09,"2017-09-30":3531.06,"2015-12-31":3073.34,"2016-03-31":4470.65,"2017-12-31":5101.4,"2016-09-30":3276.35,"2015-09-30":2184.51}],["Operating Profit",{"2016-06-30":3057.24,"2016-12-31":2930.65,"2017-03-31":2782.51,"2017-06-30":3401.47,"2015-06-30":4739.87,"2015-03-31":4556.5,"2017-09-30":2635.0,"2015-12-31":3346.96,"2016-03-31":1680.75,"2017-12-31":925.15,"2016-09-30":2912.46,"2015-09-30":4446.43}],["OPM",{"2016-06-30":49.56,"2016-12-31":48.33,"2017-03-31":44.59,"2017-06-30":54.77,"2015-06-30":70.9,"2015-03-31":67.31,"2017-09-30":42.73,"2015-12-31":52.13,"2016-03-31":27.32,"2017-12-31":15.35,"2016-09-30":47.06,"2015-09-30":67.06}],["Other Income",{"2016-06-30":494.37,"2016-12-31":723.53,"2017-03-31":881.1,"2017-06-30":659.87,"2015-06-30":413.73,"2015-03-31":551.91,"2017-09-30":730.2,"2015-12-31":491.32,"2016-03-31":560.48,"2017-12-31":562.77,"2016-09-30":776.64,"2015-09-30":473.25}],["Depreciation",{"2016-06-30":0.0,"2016-12-31":0.0,"2017-03-31":0.0,"2017-06-30":0.0,"2015-06-30":0.0,"2015-03-31":0.0,"2017-09-30":0.0,"2015-12-31":0.0,"2016-03-31":0.0,"2017-12-31":0.0,"2016-09-30":0.0,"2015-09-30":0.0}],["Interest",{"2016-06-30":4509.37,"2016-12-31":4558.13,"2017-03-31":4524.47,"2017-06-30":4879.67,"2015-06-30":4841.12,"2015-03-31":4847.96,"2017-09-30":4457.56,"2015-12-31":4675.5,"2016-03-31":4588.13,"2017-12-31":4049.13,"2016-09-30":4495.43,"2015-09-30":4717.52}],["Profit before tax",{"2016-06-30":-957.76,"2016-12-31":-903.95,"2017-03-31":-860.86,"2017-06-30":-818.33,"2015-06-30":312.48,"2015-03-31":260.45,"2017-09-30":-1092.36,"2015-12-31":-837.22,"2016-03-31":-2346.9,"2017-12-31":-2561.21,"2016-09-30":-806.33,"2015-09-30":202.16}],["Tax",{"2016-06-30":-357.95,"2016-12-31":-298.25,"2017-03-31":-269.09,"2017-06-30":-241.57,"2015-06-30":108.88,"2015-03-31":86.16,"2017-09-30":-341.95,"2015-12-31":-0.6,"2016-03-31":-1448.86,"2017-12-31":-896.99,"2016-09-30":-164.51,"2015-09-30":89.29}],["Net Profit",{"2016-06-30":-599.81,"2016-12-31":-605.7,"2017-03-31":-591.77,"2017-06-30":-576.76,"2015-06-30":203.6,"2015-03-31":174.29,"2017-09-30":-750.41,"2015-12-31":-836.62,"2016-03-31":-898.04,"2017-12-31":-1664.22,"2016-09-30":-641.82,"2015-09-30":112.87}]]},"bse_code":"532885","short_name":"Central Bank","nse_code":"CENTRALBK","companyrating_set":[{"rating__rating":"CRISIL A1+","instrument":"Certificate of Deposit","rating__source":"crisil","link":"http://www.crisil.com/ratings/company-wise-ratings.jsp?txtSearch=Central Bank of India"},{"rating__rating":"CGR3+","instrument":"Corporate Governance Rating-CGR","rating__source":"icra","link":"http://icra.in/search.aspx?word=Central Bank of India"},{"rating__rating":"[ICRA]AA- (Stable)","instrument":"Financial Sector Rating-Long Term","rating__source":"icra","link":"http://icra.in/search.aspx?word=Central Bank of India"},{"rating__rating":"BWR AA(Negative)","instrument":"Innovative Perpetual Debt Instrument 500 Crore","rating__source":"brickworks","link":"http://google.com/search?btnI=1&q=Central Bank of India+site:brickworkratings.com"},{"rating__rating":"CRISIL AA(Negative)","instrument":"Lower Tier II Bonds","rating__source":"crisil","link":"http://www.crisil.com/ratings/company-wise-ratings.jsp?txtSearch=Central Bank of India"},{"rating__rating":"CARE AA-","instrument":"LT InstrumentsBonds","rating__source":"care","link":"http://google.com/search?btnI=1&q=Central Bank of India+site:careratings.com"},{"rating__rating":"CARE A+","instrument":"LT InstrumentsBonds","rating__source":"care","link":"http://google.com/search?btnI=1&q=Central Bank of India+site:careratings.com"},{"rating__rating":"CRISIL AA- (Negative)","instrument":"Perpetual Tier I Bonds","rating__source":"crisil","link":"http://www.crisil.com/ratings/company-wise-ratings.jsp?txtSearch=Central Bank of India"},{"rating__rating":"BWR A +(Stable)","instrument":"Proposed Basel III Compliant Additional Tier I Perpetual Bonds  1435 Crore","rating__source":"brickworks","link":"http://google.com/search?btnI=1&q=Central Bank of India+site:brickworkratings.com"},{"rating__rating":"BWR AA(Stable)","instrument":"Proposed BASEL lll Compliant Tier II Bond  2000 Crore","rating__source":"brickworks","link":"http://google.com/search?btnI=1&q=Central Bank of India+site:brickworkratings.com"},{"rating__rating":"CRISIL A(Negative)","instrument":"Tier I Bonds (Under Basel III)(LT)","rating__source":"crisil","link":"http://www.crisil.com/ratings/company-wise-ratings.jsp?txtSearch=Central Bank of India"},{"rating__rating":"CRISIL AA(Negative)","instrument":"Tier II Bonds (Under Basel III)","rating__source":"crisil","link":"http://www.crisil.com/ratings/company-wise-ratings.jsp?txtSearch=Central Bank of India"},{"rating__rating":"CRISIL AA- (Negative)","instrument":"Upper Tier II Bonds","rating__source":"crisil","link":"http://www.crisil.com/ratings/company-wise-ratings.jsp?txtSearch=Central Bank of India"}],"annualreport_set":[{"source":"bse","report_date":2017,"link":"http://www.bseindia.com/bseplus/AnnualReport/532885/5328850317.pdf"},{"source":"bse","report_date":2016,"link":"http://www.bseindia.com/bseplus/AnnualReport/532885/5328850316.pdf"},{"source":"bse","report_date":2015,"link":"http://www.bseindia.com/bseplus/AnnualReport/532885/5328850315.pdf"},{"source":"bse","report_date":2014,"link":"http://www.bseindia.com/bseplus/AnnualReport/532885/5328850314.pdf"},{"source":"bse","report_date":2013,"link":"http://www.bseindia.com/bseplus/annualreport/532885/5328850313.pdf"},{"source":"nse","report_date":2012,"link":"http://nseindia.com/annual_reports/AR_CENTRALBK_2011_2012_22062012120306.zip"},{"source":"bse","report_date":2011,"link":"http://www.bseindia.com/bseplus/annualreport/532885/5328850311.pdf"},{"source":"bse","report_date":2010,"link":"http://www.bseindia.com/bseplus/annualreport/532885/5328850310.pdf"},{"source":"nse","report_date":2010,"link":"http://nseindia.com/annual_reports/AR_CENTRALBK_2009_2010_23092010120000.zip"}],"announcement_set":[{"ann_date":"06 Apr 2018","announcement":"Statement Of Investor Complaints For The Quarter Ended March 2018","link":"https://www.bseindia.com/corporates/anndet_new.aspx?newsid=af602f64-d977-43b2-b41e-cf6236b68512"},{"ann_date":"27 Mar 2018","announcement":"Announcement under Regulation 30 (LODR)-Credit Rating","link":"https://www.bseindia.com/corporates/anndet_new.aspx?newsid=6b497401-d706-4651-8eee-9278a9affff4"},{"ann_date":"26 Mar 2018","announcement":"Disclosure of Voting results of EGM (Regulation 44(3) of SEBI (LODR) Regulations, 2015)","link":"https://www.bseindia.com/corporates/anndet_new.aspx?newsid=a74fce0a-558c-4745-9f71-4dd19a11b86e"},{"ann_date":"26 Mar 2018","announcement":"Announcement Of Result On Special Resolution Of Extra-Ordinary General Meeting Of The Bank Held On 26-03-2018 Alongwith Scrutinizer'S Report","link":"https://www.bseindia.com/corporates/anndet_new.aspx?newsid=f5e37418-a932-4b7d-b7aa-78076178bb88"},{"ann_date":"26 Mar 2018","announcement":"Proceedings Of Extra-Ordinary General Meeting Held On 26-03-2018 And Disclosure As Per SEBI(Listing   Obligations And Disclosure Requirements) Regulations, 2015 Read With The Listing  Agreement","link":"https://www.bseindia.com/corporates/anndet_new.aspx?newsid=8d0db2bb-291c-47bf-9064-58d64a9bdfc8"}],"warehouse_set":{"high_price":123.25,"low_price":62.65,"sales_growth":0.29,"current_price":71.0,"dividend_yield":0.0,"face_value":10.0,"id":1770,"sales_growth_3years":0.32,"average_return_on_equity_3years":-7.17,"book_value":42.29,"status":"Active","pair_url":"/company/CENTRALBK/consolidated","sales_growth_10years":13.51,"average_return_on_equity_10years":2.12,"profit_growth":-30.52,"market_capitalization":18588.91,"industry":"Banks","analysis":{"remarks":[],"bad":["Company has low interest coverage ratio.","The company has delivered a poor growth of 5.19% over past five years.","Company has a low return on equity of -7.17% for last 3 years.","Contingent liabilities of Rs.92531.96 Cr."],"good":[]},"average_return_on_equity_5years":-4.82,"sales_growth_5years":5.19,"return_on_equity":-17.14,"result_type":"sa"},"id":604,"name":"Central Bank of India"}
