{"prime":"con","number_set":{"balancesheet":[["Share Capital",{"2008-03-31":52.24,"2016-03-31":156.21,"2014-03-31":143.26,"2011-03-31":119.35,"2015-03-31":643.73,"2013-03-31":143.17,"2006-03-31":38.01,"2012-03-31":132.62,"2017-03-31":156.34,"2010-03-31":366.47,"2009-03-31":366.47,"2007-03-31":38.01}],["Reserves",{"2008-03-31":506.38,"2016-03-31":3501.17,"2014-03-31":2151.44,"2011-03-31":952.64,"2015-03-31":2528.92,"2013-03-31":1821.59,"2006-03-31":277.71,"2012-03-31":1284.67,"2017-03-31":4156.33,"2010-03-31":418.53,"2009-03-31":414.54,"2007-03-31":288.34}],["Borrowings",{"2008-03-31":5397.58,"2016-03-31":22576.22,"2014-03-31":18093.19,"2011-03-31":7948.91,"2015-03-31":19475.24,"2013-03-31":15289.01,"2006-03-31":1696.23,"2012-03-31":11444.11,"2017-03-31":24206.78,"2010-03-31":5393.57,"2009-03-31":5391.0,"2007-03-31":3218.84}],["Other Liabilities",{"2008-03-31":405.23,"2016-03-31":1672.25,"2014-03-31":1180.44,"2011-03-31":671.19,"2015-03-31":1746.12,"2013-03-31":952.83,"2006-03-31":181.23,"2012-03-31":589.18,"2017-03-31":2215.12,"2010-03-31":1072.7,"2009-03-31":1071.12,"2007-03-31":307.86}],["Total Liabilities",{"2008-03-31":6361.43,"2016-03-31":27905.85,"2014-03-31":21568.33,"2011-03-31":9692.09,"2015-03-31":23894.01,"2013-03-31":18206.6,"2006-03-31":2193.18,"2012-03-31":13450.58,"2017-03-31":30734.57,"2010-03-31":6951.27,"2009-03-31":6943.13,"2007-03-31":3853.05}],["Fixed Assets",{"2008-03-31":47.59,"2016-03-31":111.32,"2014-03-31":72.9,"2011-03-31":33.17,"2015-03-31":68.33,"2013-03-31":70.65,"2006-03-31":20.97,"2012-03-31":53.17,"2017-03-31":140.08,"2010-03-31":13.75,"2009-03-31":33.84,"2007-03-31":32.94}],["CWIP",{"2008-03-31":1.38,"2016-03-31":0.0,"2014-03-31":0.0,"2011-03-31":0.0,"2015-03-31":0.0,"2013-03-31":0.0,"2006-03-31":1.17,"2012-03-31":0.0,"2017-03-31":0.0,"2010-03-31":0.03,"2009-03-31":0.0,"2007-03-31":0.7}],["Investments",{"2008-03-31":173.94,"2016-03-31":66.57,"2014-03-31":82.43,"2011-03-31":68.28,"2015-03-31":67.48,"2013-03-31":224.51,"2006-03-31":68.61,"2012-03-31":61.7,"2017-03-31":238.55,"2010-03-31":219.33,"2009-03-31":405.2,"2007-03-31":78.76}],["Other Assets",{"2008-03-31":6138.52,"2016-03-31":27727.96,"2014-03-31":21413.0,"2011-03-31":9590.64,"2015-03-31":23758.2,"2013-03-31":17911.44,"2006-03-31":2102.43,"2012-03-31":13335.71,"2017-03-31":30355.94,"2010-03-31":6718.16,"2009-03-31":6504.09,"2007-03-31":3740.65}],["Total Assets",{"2008-03-31":6361.43,"2016-03-31":27905.85,"2014-03-31":21568.33,"2011-03-31":9692.09,"2015-03-31":23894.01,"2013-03-31":18206.6,"2006-03-31":2193.18,"2012-03-31":13450.58,"2017-03-31":30734.57,"2010-03-31":6951.27,"2009-03-31":6943.13,"2007-03-31":3853.05}]],"annual":[["Sales",{"2008-03-31":891.28,"2016-03-31":4192.47,"2014-03-31":3261.78,"2011-03-31":1187.93,"2015-03-31":3690.46,"2013-03-31":2554.22,"2006-03-31":220.09,"2012-03-31":1766.44,"2017-03-31":4659.55,"2010-03-31":929.52,"2009-03-31":1115.2,"2007-03-31":407.45}],["Expenses",{"2008-03-31":null,"2016-03-31":1250.83,"2014-03-31":917.93,"2011-03-31":524.94,"2015-03-31":1044.39,"2013-03-31":673.7,"2006-03-31":null,"2012-03-31":531.02,"2017-03-31":1285.85,"2010-03-31":423.63,"2009-03-31":490.85,"2007-03-31":null}],["Operating Profit",{"2008-03-31":null,"2016-03-31":2941.64,"2014-03-31":2343.85,"2011-03-31":662.99,"2015-03-31":2646.07,"2013-03-31":1880.52,"2006-03-31":null,"2012-03-31":1235.42,"2017-03-31":3373.7,"2010-03-31":505.89,"2009-03-31":624.35,"2007-03-31":null}],["OPM",{"2008-03-31":null,"2016-03-31":70.16,"2014-03-31":71.86,"2011-03-31":55.81,"2015-03-31":71.7,"2013-03-31":73.62,"2006-03-31":null,"2012-03-31":69.94,"2017-03-31":72.4,"2010-03-31":54.42,"2009-03-31":55.99,"2007-03-31":null}],["Other Income",{"2008-03-31":2.42,"2016-03-31":1.24,"2014-03-31":1.06,"2011-03-31":13.88,"2015-03-31":0.73,"2013-03-31":1.46,"2006-03-31":2.93,"2012-03-31":51.77,"2017-03-31":0.79,"2010-03-31":44.32,"2009-03-31":6.36,"2007-03-31":10.5}],["Interest",{"2008-03-31":378.34,"2016-03-31":2050.78,"2014-03-31":1771.09,"2011-03-31":568.25,"2015-03-31":1960.39,"2013-03-31":1411.01,"2006-03-31":99.42,"2012-03-31":988.18,"2017-03-31":2230.8,"2010-03-31":503.59,"2009-03-31":594.1,"2007-03-31":188.93}],["Depreciation",{"2008-03-31":16.19,"2016-03-31":21.33,"2014-03-31":23.63,"2011-03-31":8.51,"2015-03-31":29.18,"2013-03-31":20.31,"2006-03-31":4.17,"2012-03-31":8.9,"2017-03-31":38.11,"2010-03-31":15.28,"2009-03-31":19.53,"2007-03-31":5.6}],["Profit before tax",{"2008-03-31":90.93,"2016-03-31":870.77,"2014-03-31":550.21,"2011-03-31":100.11,"2015-03-31":657.22,"2013-03-31":450.8,"2006-03-31":46.05,"2012-03-31":290.11,"2017-03-31":1105.58,"2010-03-31":31.34,"2009-03-31":17.08,"2007-03-31":47.27}],["Tax",{"2008-03-31":31.57,"2016-03-31":302.32,"2014-03-31":186.2,"2011-03-31":37.93,"2015-03-31":222.06,"2013-03-31":144.26,"2006-03-31":10.84,"2012-03-31":117.57,"2017-03-31":386.84,"2010-03-31":15.92,"2009-03-31":-25.67,"2007-03-31":16.25}],["Net Profit",{"2008-03-31":59.36,"2016-03-31":568.45,"2014-03-31":364.01,"2011-03-31":62.18,"2015-03-31":435.16,"2013-03-31":306.55,"2006-03-31":35.21,"2012-03-31":172.54,"2017-03-31":718.74,"2010-03-31":15.42,"2009-03-31":42.75,"2007-03-31":31.02}],["EPS (unadj)",{"2008-03-31":10.68,"2016-03-31":35.31,"2014-03-31":24.82,"2011-03-31":4.93,"2015-03-31":29.33,"2013-03-31":20.87,"2006-03-31":8.41,"2012-03-31":12.63,"2017-03-31":45.26,"2010-03-31":1.6,"2009-03-31":6.43,"2007-03-31":7.48}],["Dividend Payout",{"2008-03-31":35.25,"2016-03-31":12.37,"2014-03-31":13.78,"2011-03-31":28.81,"2015-03-31":11.57,"2013-03-31":16.35,"2006-03-31":54.08,"2012-03-31":19.23,"2017-03-31":11.97,"2010-03-31":43.15,"2009-03-31":0.0,"2007-03-31":49.11}]],"cashflow":[["Cash from Operating Activity",{"2008-03-31":-2000.74,"2016-03-31":-2813.65,"2014-03-31":-2450.96,"2011-03-31":-3248.8,"2015-03-31":-2270.92,"2013-03-31":-3759.21,"2006-03-31":-391.57,"2012-03-31":-3572.41,"2017-03-31":-1320.34,"2010-03-31":-1071.35,"2009-03-31":847.94,"2007-03-31":-1278.38}],["Cash from Investing Activity",{"2008-03-31":-259.32,"2016-03-31":-147.02,"2014-03-31":-80.5,"2011-03-31":207.75,"2015-03-31":-39.99,"2013-03-31":-8.34,"2006-03-31":35.34,"2012-03-31":-5.56,"2017-03-31":-201.55,"2010-03-31":518.61,"2009-03-31":-548.94,"2007-03-31":-201.39}],["Cash from Financing Activity",{"2008-03-31":2358.39,"2016-03-31":3036.85,"2014-03-31":2750.81,"2011-03-31":2785.66,"2015-03-31":1825.9,"2013-03-31":4087.03,"2006-03-31":331.77,"2012-03-31":3662.4,"2017-03-31":1529.77,"2010-03-31":9.73,"2009-03-31":404.34,"2007-03-31":1500.99}],["Net Cash Flow",{"2008-03-31":98.33,"2016-03-31":76.18,"2014-03-31":219.35,"2011-03-31":-255.39,"2015-03-31":-485.0,"2013-03-31":319.48,"2006-03-31":-24.46,"2012-03-31":84.43,"2017-03-31":7.88,"2010-03-31":-543.01,"2009-03-31":703.34,"2007-03-31":21.22}]],"quarters":[["Sales",{"2016-06-30":1108.47,"2016-12-31":1175.67,"2017-03-31":1213.28,"2017-06-30":1234.8,"2015-06-30":985.84,"2015-03-31":937.77,"2017-09-30":1295.91,"2015-12-31":1053.83,"2016-03-31":1135.43,"2017-12-31":1383.25,"2016-09-30":1162.14,"2015-09-30":1017.37}],["Expenses",{"2016-06-30":299.38,"2016-12-31":348.65,"2017-03-31":316.94,"2017-06-30":366.11,"2015-06-30":314.54,"2015-03-31":240.38,"2017-09-30":380.4,"2015-12-31":317.1,"2016-03-31":301.02,"2017-12-31":400.41,"2016-09-30":320.89,"2015-09-30":318.26}],["Operating Profit",{"2016-06-30":809.09,"2016-12-31":827.02,"2017-03-31":896.34,"2017-06-30":868.69,"2015-06-30":671.3,"2015-03-31":697.39,"2017-09-30":915.51,"2015-12-31":736.73,"2016-03-31":834.41,"2017-12-31":982.84,"2016-09-30":841.25,"2015-09-30":699.11}],["OPM",{"2016-06-30":72.99,"2016-12-31":70.34,"2017-03-31":73.88,"2017-06-30":70.35,"2015-06-30":68.09,"2015-03-31":74.37,"2017-09-30":70.65,"2015-12-31":69.91,"2016-03-31":73.49,"2017-12-31":71.05,"2016-09-30":72.39,"2015-09-30":68.72}],["Other Income",{"2016-06-30":0.05,"2016-12-31":0.09,"2017-03-31":0.15,"2017-06-30":0.07,"2015-06-30":0.17,"2015-03-31":0.22,"2017-09-30":0.06,"2015-12-31":0.07,"2016-03-31":1.0,"2017-12-31":0.08,"2016-09-30":0.5,"2015-09-30":0.08}],["Depreciation",{"2016-06-30":7.34,"2016-12-31":10.43,"2017-03-31":11.34,"2017-06-30":9.67,"2015-06-30":5.17,"2015-03-31":8.13,"2017-09-30":11.63,"2015-12-31":4.94,"2016-03-31":6.24,"2017-12-31":13.46,"2016-09-30":9.0,"2015-09-30":4.98}],["Interest",{"2016-06-30":548.1,"2016-12-31":565.76,"2017-03-31":547.55,"2017-06-30":540.96,"2015-06-30":495.78,"2015-03-31":486.1,"2017-09-30":556.75,"2015-12-31":510.92,"2016-03-31":533.01,"2017-12-31":590.26,"2016-09-30":569.39,"2015-09-30":511.06}],["Profit before tax",{"2016-06-30":253.7,"2016-12-31":250.92,"2017-03-31":337.6,"2017-06-30":318.13,"2015-06-30":170.52,"2015-03-31":203.38,"2017-09-30":347.19,"2015-12-31":220.94,"2016-03-31":296.16,"2017-12-31":379.2,"2016-09-30":263.36,"2015-09-30":183.15}],["Tax",{"2016-06-30":87.97,"2016-12-31":88.4,"2017-03-31":118.05,"2017-06-30":111.55,"2015-06-30":60.27,"2015-03-31":67.74,"2017-09-30":119.94,"2015-12-31":75.24,"2016-03-31":104.13,"2017-12-31":130.0,"2016-09-30":92.42,"2015-09-30":62.68}],["Net Profit",{"2016-06-30":165.73,"2016-12-31":162.52,"2017-03-31":219.55,"2017-06-30":206.58,"2015-06-30":110.25,"2015-03-31":135.64,"2017-09-30":227.25,"2015-12-31":145.7,"2016-03-31":192.03,"2017-12-31":249.2,"2016-09-30":170.94,"2015-09-30":120.47}]]},"bse_code":"511243","short_name":"Cholaman.Inv.&Fn","nse_code":"CHOLAFIN","companyrating_set":[{"rating__rating":"[ICRA]AA (stable)","instrument":"Bank Loan Rating-Long Term","rating__source":"icra","link":"http://icra.in/search.aspx?word=Cholamandalam Investment & Finance Company Ltd"},{"rating__rating":"[ICRA]A1+","instrument":"Bank Loan Rating-Short Term","rating__source":"icra","link":"http://icra.in/search.aspx?word=Cholamandalam Investment & Finance Company Ltd"},{"rating__rating":"[ICRA]AA (stable)","instrument":"Financial Sector Rating-Long Term","rating__source":"icra","link":"http://icra.in/search.aspx?word=Cholamandalam Investment & Finance Company Ltd"},{"rating__rating":"[ICRA]A1+","instrument":"Financial Sector Rating-Short Term","rating__source":"icra","link":"http://icra.in/search.aspx?word=Cholamandalam Investment & Finance Company Ltd"},{"rating__rating":"CRISIL AA-(Positive)","instrument":"Lower Tier II Bonds","rating__source":"crisil","link":"http://www.crisil.com/ratings/company-wise-ratings.jsp?txtSearch=Cholamandalam Investment & Finance Company Ltd"},{"rating__rating":"CRISIL AAA(SO)","instrument":"Pass Through Certificate","rating__source":"crisil","link":"http://www.crisil.com/ratings/company-wise-ratings.jsp?txtSearch=Cholamandalam Investment & Finance Company Ltd"},{"rating__rating":"CRISIL A1+","instrument":"Short Term Debt","rating__source":"crisil","link":"http://www.crisil.com/ratings/company-wise-ratings.jsp?txtSearch=Cholamandalam Investment & Finance Company Ltd"},{"rating__rating":"CRISIL AAA(SO)","instrument":"Structured Debt Obligation","rating__source":"crisil","link":"http://www.crisil.com/ratings/company-wise-ratings.jsp?txtSearch=Cholamandalam Investment & Finance Company Ltd"}],"annualreport_set":[{"source":"bse","report_date":2017,"link":"http://www.bseindia.com/bseplus/AnnualReport/511243/5112430317.pdf"},{"source":"bse","report_date":2016,"link":"http://www.bseindia.com/bseplus/AnnualReport/511243/5112430316.pdf"},{"source":"bse","report_date":2015,"link":"http://www.bseindia.com/bseplus/AnnualReport/511243/5112430315.pdf"},{"source":"bse","report_date":2014,"link":"http://www.bseindia.com/bseplus/AnnualReport/511243/5112430314.pdf"},{"source":"bse","report_date":2013,"link":"http://www.bseindia.com/bseplus/annualreport/511243/5112430313.pdf"},{"source":"bse","report_date":2012,"link":"http://www.bseindia.com/bseplus/annualreport/511243/5112430312.PDF"},{"source":"bse","report_date":2011,"link":"http://www.bseindia.com/bseplus/annualreport/511243/5112430311.pdf"},{"source":"nse","report_date":2011,"link":"http://nseindia.com/annual_reports/AR_CHOLAFIN_2010_2011_21072011122526.zip"},{"source":"bse","report_date":2010,"link":"http://www.bseindia.com/bseplus/annualreport/511243/5112430310.pdf"},{"source":"nse","report_date":2010,"link":"http://nseindia.com/annual_reports/AR_CHOLAFIN_2009_2010_18082010121500.zip"}],"announcement_set":[{"ann_date":"03 Apr 2018","announcement":"Board to consider FY18 results & Final Dividend","link":"https://www.bseindia.com/corporates/anndet_new.aspx?newsid=d1f25a98-833b-4385-a87f-631dd31a8cb4"},{"ann_date":"03 Apr 2018","announcement":"Intimation Of Board Meeting Under Reg.29 Of The SEBI (Listing Obligations And Disclosure Requirements) Regulations, 2015","link":"https://www.bseindia.com/corporates/anndet_new.aspx?newsid=65ee621b-8ae1-4324-bd03-81763f9d90bd"},{"ann_date":"02 Apr 2018","announcement":"Announcement under Regulation 30 (LODR)-Allotment","link":"https://www.bseindia.com/corporates/anndet_new.aspx?newsid=02dbb50d-dd09-43fc-bf49-a5b3b82e6204"},{"ann_date":"19 Mar 2018","announcement":"Announcement under Regulation 30 (LODR)-Analyst / Investor Meet - Intimation","link":"https://www.bseindia.com/corporates/anndet_new.aspx?newsid=d2e5247a-fb7c-4d34-88d0-16d79f0451ab"},{"ann_date":"16 Mar 2018","announcement":"Announcement under Regulation 30 (LODR)-Allotment of ESOP / ESPS","link":"https://www.bseindia.com/corporates/anndet_new.aspx?newsid=e411fe2f-9ee1-4f14-91c7-0b9b8fbc1c58"}],"warehouse_set":{"high_price":1544.0,"low_price":969.0,"sales_growth":11.91,"current_price":1524.05,"dividend_yield":0.36,"face_value":10.0,"id":1812,"sales_growth_3years":12.62,"profit_growth_5years":30.13,"average_return_on_equity_3years":17.89,"book_value":319.56,"status":"Active","pair_url":"/company/CHOLAFIN/consolidated","sales_growth_10years":20.17,"average_return_on_equity_10years":15.51,"profit_growth":30.58,"market_capitalization":23825.68,"profit_growth_10years":31.98,"price_to_earning":26.4,"industry":"Finance (including NBFCs)","analysis":{"remarks":[],"bad":["Company has low interest coverage ratio.","Promoter's stake has decreased"],"good":["Company has good consistent profit growth of 30.13% over 5 years"]},"result_type":"sa","profit_growth_3years":25.46,"sales_growth_5years":21.41,"return_on_equity":18.04,"average_return_on_equity_5years":17.8},"id":648,"name":"Cholamandalam Investment & Finance Company Ltd"}
