{"prime":"con","number_set":{"balancesheet":[["Share Capital",{"2008-03-31":6316.36,"2016-03-31":6316.36,"2014-03-31":6316.36,"2011-03-31":6316.36,"2015-03-31":6316.36,"2013-03-31":6316.36,"2006-03-31":6316.36,"2012-03-31":6316.36,"2017-03-31":6207.41,"2010-03-31":6316.36,"2009-03-31":6316.36,"2007-03-31":6316.36}],["Reserves",{"2008-03-31":6107.06,"2016-03-31":9729.45,"2014-03-31":10128.88,"2011-03-31":11499.65,"2015-03-31":10417.83,"2013-03-31":14199.8,"2006-03-31":4539.28,"2012-03-31":13248.39,"2017-03-31":7712.39,"2010-03-31":9266.93,"2009-03-31":7697.02,"2007-03-31":5650.2}],["Borrowings",{"2008-03-31":1510.83,"2016-03-31":0.0,"2014-03-31":0.0,"2011-03-31":6742.53,"2015-03-31":0.0,"2013-03-31":1136.23,"2006-03-31":1899.01,"2012-03-31":1145.61,"2017-03-31":0.0,"2010-03-31":1464.3,"2009-03-31":1786.63,"2007-03-31":1646.1}],["Other Liabilities",{"2008-03-31":5723.84,"2016-03-31":5334.17,"2014-03-31":7043.28,"2011-03-31":3119.36,"2015-03-31":5416.77,"2013-03-31":12386.11,"2006-03-31":5344.44,"2012-03-31":10003.21,"2017-03-31":4966.56,"2010-03-31":6922.57,"2009-03-31":6456.16,"2007-03-31":5374.67}],["Total Liabilities",{"2008-03-31":19658.09,"2016-03-31":21379.98,"2014-03-31":23488.52,"2011-03-31":27677.9,"2015-03-31":22150.96,"2013-03-31":34038.5,"2006-03-31":18099.09,"2012-03-31":30713.57,"2017-03-31":18886.36,"2010-03-31":23970.16,"2009-03-31":22256.17,"2007-03-31":18987.33}],["Fixed Assets",{"2008-03-31":88.7,"2016-03-31":332.71,"2014-03-31":96.26,"2011-03-31":98.71,"2015-03-31":89.08,"2013-03-31":96.63,"2006-03-31":103.7,"2012-03-31":100.9,"2017-03-31":321.33,"2010-03-31":93.41,"2009-03-31":94.98,"2007-03-31":93.19}],["CWIP",{"2008-03-31":1.07,"2016-03-31":13.13,"2014-03-31":203.72,"2011-03-31":55.72,"2015-03-31":237.69,"2013-03-31":121.89,"2006-03-31":0.12,"2012-03-31":73.41,"2017-03-31":13.52,"2010-03-31":13.92,"2009-03-31":1.81,"2007-03-31":0.08}],["Investments",{"2008-03-31":6316.36,"2016-03-31":11729.49,"2014-03-31":9648.94,"2011-03-31":6319.17,"2015-03-31":11772.08,"2013-03-31":9026.07,"2006-03-31":6316.36,"2012-03-31":6541.19,"2017-03-31":11589.26,"2010-03-31":6316.57,"2009-03-31":6316.36,"2007-03-31":6316.36}],["Other Assets",{"2008-03-31":13251.96,"2016-03-31":9304.65,"2014-03-31":13539.6,"2011-03-31":21204.3,"2015-03-31":10052.11,"2013-03-31":24793.91,"2006-03-31":11678.91,"2012-03-31":23998.07,"2017-03-31":6962.25,"2010-03-31":17546.26,"2009-03-31":15843.02,"2007-03-31":12577.7}],["Total Assets",{"2008-03-31":19658.09,"2016-03-31":21379.98,"2014-03-31":23488.52,"2011-03-31":27677.9,"2015-03-31":22150.96,"2013-03-31":34038.5,"2006-03-31":18099.09,"2012-03-31":30713.57,"2017-03-31":18886.36,"2010-03-31":23970.16,"2009-03-31":22256.17,"2007-03-31":18987.33}]],"annual":[["Sales",{"2008-03-31":235.46,"2016-03-31":165.53,"2014-03-31":317.34,"2011-03-31":409.46,"2015-03-31":387.12,"2013-03-31":352.25,"2006-03-31":231.7,"2012-03-31":415.86,"2017-03-31":289.88,"2010-03-31":397.86,"2009-03-31":284.39,"2007-03-31":243.8}],["Expenses",{"2008-03-31":381.73,"2016-03-31":633.83,"2014-03-31":718.62,"2011-03-31":548.58,"2015-03-31":627.54,"2013-03-31":721.52,"2006-03-31":284.05,"2012-03-31":545.15,"2017-03-31":901.28,"2010-03-31":456.37,"2009-03-31":441.22,"2007-03-31":311.7}],["Operating Profit",{"2008-03-31":-146.27,"2016-03-31":-468.3,"2014-03-31":-401.28,"2011-03-31":-139.12,"2015-03-31":-240.42,"2013-03-31":-369.27,"2006-03-31":-52.35,"2012-03-31":-129.29,"2017-03-31":-611.4,"2010-03-31":-58.51,"2009-03-31":-156.83,"2007-03-31":-67.9}],["OPM",{"2008-03-31":-62.12,"2016-03-31":-282.91,"2014-03-31":-126.45,"2011-03-31":-33.98,"2015-03-31":-62.1,"2013-03-31":-104.83,"2006-03-31":-22.59,"2012-03-31":-31.09,"2017-03-31":-210.91,"2010-03-31":-14.71,"2009-03-31":-55.15,"2007-03-31":-27.85}],["Other Income",{"2008-03-31":3241.99,"2016-03-31":17129.39,"2014-03-31":16086.76,"2011-03-31":5072.5,"2015-03-31":14143.4,"2013-03-31":11088.01,"2006-03-31":2283.54,"2012-03-31":9115.18,"2017-03-31":15004.75,"2010-03-31":4195.59,"2009-03-31":4294.33,"2007-03-31":3283.85}],["Interest",{"2008-03-31":447.06,"2016-03-31":-123.52,"2014-03-31":258.6,"2011-03-31":203.93,"2015-03-31":243.92,"2013-03-31":375.75,"2006-03-31":242.64,"2012-03-31":378.98,"2017-03-31":-135.84,"2010-03-31":257.69,"2009-03-31":473.65,"2007-03-31":343.09}],["Depreciation",{"2008-03-31":6.08,"2016-03-31":16.41,"2014-03-31":6.41,"2011-03-31":6.08,"2015-03-31":7.17,"2013-03-31":4.96,"2006-03-31":9.29,"2012-03-31":6.96,"2017-03-31":17.52,"2010-03-31":8.99,"2009-03-31":6.17,"2007-03-31":8.02}],["Profit before tax",{"2008-03-31":2642.58,"2016-03-31":16768.2,"2014-03-31":15420.47,"2011-03-31":4723.37,"2015-03-31":13651.89,"2013-03-31":10338.03,"2006-03-31":1979.26,"2012-03-31":8599.95,"2017-03-31":14511.67,"2010-03-31":3870.4,"2009-03-31":3657.68,"2007-03-31":2864.84}],["Tax",{"2008-03-31":188.78,"2016-03-31":175.2,"2014-03-31":411.93,"2011-03-31":27.27,"2015-03-31":268.5,"2013-03-31":543.71,"2006-03-31":267.59,"2012-03-31":534.85,"2017-03-31":11.14,"2010-03-31":90.48,"2009-03-31":362.3,"2007-03-31":43.55}],["Net Profit",{"2008-03-31":2453.8,"2016-03-31":16593.0,"2014-03-31":15008.54,"2011-03-31":4696.1,"2015-03-31":13383.39,"2013-03-31":9794.32,"2006-03-31":1711.67,"2012-03-31":8065.1,"2017-03-31":14500.53,"2010-03-31":3779.92,"2009-03-31":3295.38,"2007-03-31":2821.29}],["EPS (unadj)",{"2008-03-31":342.6,"2016-03-31":25.89,"2014-03-31":22.56,"2011-03-31":7.43,"2015-03-31":21.17,"2013-03-31":15.51,"2006-03-31":242.94,"2012-03-31":12.77,"2017-03-31":22.35,"2010-03-31":5.98,"2009-03-31":521.72,"2007-03-31":413.36}],["Dividend Payout",{"2008-03-31":69.5,"2016-03-31":104.3,"2014-03-31":122.05,"2011-03-31":52.46,"2015-03-31":97.69,"2013-03-31":90.29,"2006-03-31":73.8,"2012-03-31":78.32,"2017-03-31":85.19,"2010-03-31":58.49,"2009-03-31":51.75,"2007-03-31":53.73}]],"cashflow":[["Cash from Operating Activity",{"2008-03-31":1719.97,"2016-03-31":-782.52,"2014-03-31":13620.25,"2011-03-31":120.93,"2015-03-31":12604.96,"2013-03-31":10542.98,"2006-03-31":2396.5,"2012-03-31":9288.35,"2017-03-31":-744.09,"2010-03-31":2293.6,"2009-03-31":1745.87,"2007-03-31":1361.14}],["Cash from Investing Activity",{"2008-03-31":-244.62,"2016-03-31":18340.45,"2014-03-31":8875.14,"2011-03-31":483.0,"2015-03-31":257.73,"2013-03-31":-3354.46,"2006-03-31":-195.1,"2012-03-31":-2984.07,"2017-03-31":18867.3,"2010-03-31":-273.82,"2009-03-31":-271.98,"2007-03-31":-203.46}],["Cash from Financing Activity",{"2008-03-31":-1737.46,"2016-03-31":-17381.26,"2014-03-31":-23100.72,"2011-03-31":-2452.15,"2015-03-31":-12942.01,"2013-03-31":-6710.56,"2006-03-31":-1459.7,"2012-03-31":-6474.76,"2017-03-31":-17674.32,"2010-03-31":-1941.52,"2009-03-31":-1427.49,"2007-03-31":-1796.31}],["Net Cash Flow",{"2008-03-31":-262.11,"2016-03-31":176.67,"2014-03-31":-605.33,"2011-03-31":-1848.22,"2015-03-31":-79.32,"2013-03-31":477.96,"2006-03-31":741.7,"2012-03-31":-170.48,"2017-03-31":448.89,"2010-03-31":78.26,"2009-03-31":46.4,"2007-03-31":-638.63}]],"quarters":[["Sales",{"2016-06-30":23.16,"2016-12-31":100.26,"2017-03-31":85.22,"2017-06-30":83.25,"2015-06-30":37.74,"2015-03-31":181.81,"2017-09-30":32.99,"2015-12-31":36.2,"2016-03-31":42.91,"2017-12-31":80.28,"2016-09-30":81.24,"2015-09-30":48.68}],["Expenses",{"2016-06-30":154.78,"2016-12-31":245.31,"2017-03-31":256.32,"2017-06-30":209.62,"2015-06-30":137.71,"2015-03-31":144.26,"2017-09-30":160.8,"2015-12-31":169.9,"2016-03-31":148.59,"2017-12-31":180.89,"2016-09-30":245.26,"2015-09-30":177.91}],["Operating Profit",{"2016-06-30":-131.62,"2016-12-31":-145.05,"2017-03-31":-171.1,"2017-06-30":-126.37,"2015-06-30":-99.97,"2015-03-31":37.55,"2017-09-30":-127.81,"2015-12-31":-133.7,"2016-03-31":-105.68,"2017-12-31":-100.61,"2016-09-30":-164.02,"2015-09-30":-129.23}],["OPM",{"2016-06-30":-568.31,"2016-12-31":-144.67,"2017-03-31":-200.77,"2017-06-30":-151.8,"2015-06-30":-264.89,"2015-03-31":20.65,"2017-09-30":-387.42,"2015-12-31":-369.34,"2016-03-31":-246.28,"2017-12-31":-125.32,"2016-09-30":-201.9,"2015-09-30":-265.47}],["Other Income",{"2016-06-30":164.27,"2016-12-31":156.91,"2017-03-31":13392.75,"2017-06-30":98.72,"2015-06-30":647.58,"2015-03-31":9782.76,"2017-09-30":198.38,"2015-12-31":843.86,"2016-03-31":14205.04,"2017-12-31":196.91,"2016-09-30":1290.82,"2015-09-30":1432.91}],["Depreciation",{"2016-06-30":4.2,"2016-12-31":4.35,"2017-03-31":4.78,"2017-06-30":4.94,"2015-06-30":3.89,"2015-03-31":2.32,"2017-09-30":3.51,"2015-12-31":5.74,"2016-03-31":2.44,"2017-12-31":4.19,"2016-09-30":4.19,"2015-09-30":4.34}],["Interest",{"2016-06-30":23.83,"2016-12-31":46.54,"2017-03-31":-232.58,"2017-06-30":-64.77,"2015-06-30":30.75,"2015-03-31":40.26,"2017-09-30":-65.35,"2015-12-31":31.33,"2016-03-31":-217.4,"2017-12-31":-63.97,"2016-09-30":25.98,"2015-09-30":31.52}],["Profit before tax",{"2016-06-30":4.62,"2016-12-31":-39.03,"2017-03-31":13449.45,"2017-06-30":32.18,"2015-06-30":512.97,"2015-03-31":9777.73,"2017-09-30":132.41,"2015-12-31":673.09,"2016-03-31":14314.32,"2017-12-31":156.08,"2016-09-30":1096.63,"2015-09-30":1267.82}],["Tax",{"2016-06-30":0.94,"2016-12-31":0.0,"2017-03-31":11.14,"2017-06-30":0.0,"2015-06-30":25.87,"2015-03-31":148.5,"2017-09-30":13.53,"2015-12-31":1.56,"2016-03-31":125.72,"2017-12-31":34.94,"2016-09-30":-0.94,"2015-09-30":22.05}],["Net Profit",{"2016-06-30":3.68,"2016-12-31":-39.03,"2017-03-31":13438.31,"2017-06-30":32.18,"2015-06-30":487.1,"2015-03-31":9629.23,"2017-09-30":118.88,"2015-12-31":671.53,"2016-03-31":14188.6,"2017-12-31":121.14,"2016-09-30":1097.57,"2015-09-30":1245.77}]]},"bse_code":"533278","short_name":"Coal India","nse_code":"COALINDIA","companyrating_set":[{"rating__rating":"CRISIL AAA(Stable)","instrument":"Cash Credit & Working Capital demand loan","rating__source":"crisil","link":"http://www.crisil.com/ratings/company-wise-ratings.jsp?txtSearch=Coal India Ltd"},{"rating__rating":"CCR AAA(Stable)","instrument":"Corporate Credit Rating","rating__source":"crisil","link":"http://www.crisil.com/ratings/company-wise-ratings.jsp?txtSearch=Coal India Ltd"},{"rating__rating":"CRISIL A1+","instrument":"Letter of Credit and Bank Guarantee","rating__source":"crisil","link":"http://www.crisil.com/ratings/company-wise-ratings.jsp?txtSearch=Coal India Ltd"},{"rating__rating":"CRISIL A1+","instrument":"Short Term Debt","rating__source":"crisil","link":"http://www.crisil.com/ratings/company-wise-ratings.jsp?txtSearch=Coal India Ltd"}],"annualreport_set":[{"source":"bse","report_date":2017,"link":"http://www.bseindia.com/bseplus/AnnualReport/533278/5332780317.pdf"},{"source":"bse","report_date":2016,"link":"http://www.bseindia.com/bseplus/AnnualReport/533278/5332780316.pdf"},{"source":"bse","report_date":2015,"link":"http://www.bseindia.com/bseplus/AnnualReport/533278/5332780315.pdf"},{"source":"bse","report_date":2014,"link":"http://www.bseindia.com/bseplus/AnnualReport/533278/5332780314.pdf"},{"source":"bse","report_date":2013,"link":"http://www.bseindia.com/bseplus/annualreport/533278/5332780313.pdf"},{"source":"bse","report_date":2012,"link":"http://www.bseindia.com/bseplus/annualreport/533278/5332780312.PDF"},{"source":"bse","report_date":2011,"link":"http://www.bseindia.com/bseplus/annualreport/533278/5332780311.pdf"}],"announcement_set":[{"ann_date":"04 Apr 2018","announcement":"Shareholding for the Period Ended March 31, 2018","link":"https://www.bseindia.com/corporates/anndet_new.aspx?newsid=25415db9-3d59-413c-bc3a-f5a9bbd30909"},{"ann_date":"03 Apr 2018","announcement":"Compliance With Regulation 40(10) Of SEBI LODR 2015-From 1St Oct 2017 To 31St March' 2018","link":"https://www.bseindia.com/corporates/anndet_new.aspx?newsid=6785f71a-a20d-4f90-b0d1-a3b25b3c4677"},{"ann_date":"03 Apr 2018","announcement":"Compliance Certificate For The Half Year Ended 31.03.2018-Regulation 7(3) Of SEBI LODR 2015","link":"https://www.bseindia.com/corporates/anndet_new.aspx?newsid=6fd0bce9-b142-46c1-bfc9-5185f039cee0"},{"ann_date":"03 Apr 2018","announcement":"Statement Of Investor Complaints For The Quarter Ended March 2018","link":"https://www.bseindia.com/corporates/anndet_new.aspx?newsid=473c6bf1-9e4c-427e-8d4e-39bb2a1716c9"},{"ann_date":"02 Apr 2018","announcement":"Provisional Production And Offtake Performance Of CIL And Subsidiary Companies For The Month Of Mar'18 And For April'2017-Mar'18-Amendments  In Highlights 2017-18.","link":"https://www.bseindia.com/corporates/anndet_new.aspx?newsid=a8746045-13ab-4eae-bd82-16f5afbf4f0b"}],"warehouse_set":{"high_price":316.95,"low_price":233.7,"sales_growth":13.8,"current_price":275.8,"dividend_yield":7.22,"face_value":10.0,"id":2583,"sales_growth_3years":-2.97,"profit_growth_5years":12.45,"average_return_on_equity_3years":92.54,"book_value":22.86,"status":"Active","pair_url":"/company/COALINDIA/consolidated","sales_growth_10years":2.34,"average_return_on_equity_10years":53.02,"profit_growth":-10.1,"market_capitalization":171200.35,"profit_growth_10years":21.82,"price_to_earning":12.49,"industry":"Coal","analysis":{"remarks":["Some businesses are provided tax benefits to encourage their development","Return on equity is exceptional"],"bad":["Stock is trading at 12.06 times its book value","The company has delivered a poor growth of -6.96% over past five years.","Though the company is reporting regular profits, it is not paying out tax","Earnings include an other income of Rs.13886.76 Cr."],"good":["Company is virtually debt free.","Company is expected to give good quarter","Company has a good return on equity (ROE) track record: 3 Years ROE 92.54%"," ","Company has been maintaining a healthy dividend payout of 96.08%"]},"result_type":"sa","profit_growth_3years":-1.14,"sales_growth_5years":-6.96,"return_on_equity":96.78,"average_return_on_equity_5years":79.61},"id":681,"name":"Coal India Ltd"}
