{"prime":"sa","number_set":{"balancesheet":[["Share Capital",{"2008-03-31":64.99,"2016-03-31":194.97,"2014-03-31":194.97,"2011-03-31":129.98,"2015-03-31":194.97,"2013-03-31":129.98,"2006-03-31":64.99,"2012-03-31":129.98,"2017-03-31":194.97,"2010-03-31":129.98,"2009-03-31":129.98,"2007-03-31":64.99}],["Reserves",{"2008-03-31":3118.93,"2016-03-31":8150.69,"2014-03-31":6790.34,"2011-03-31":4847.83,"2015-03-31":7440.72,"2013-03-31":6151.15,"2006-03-31":2026.18,"2012-03-31":5476.45,"2017-03-31":8651.23,"2010-03-31":4206.42,"2009-03-31":3632.23,"2007-03-31":2564.84}],["Borrowings",{"2008-03-31":0.0,"2016-03-31":0.0,"2014-03-31":0.0,"2011-03-31":0.0,"2015-03-31":0.0,"2013-03-31":0.0,"2006-03-31":0.0,"2012-03-31":0.0,"2017-03-31":0.0,"2010-03-31":0.0,"2009-03-31":0.0,"2007-03-31":0.0}],["Other Liabilities",{"2008-03-31":721.78,"2016-03-31":1112.49,"2014-03-31":1084.24,"2011-03-31":793.62,"2015-03-31":1077.45,"2013-03-31":992.16,"2006-03-31":508.08,"2012-03-31":908.99,"2017-03-31":1122.43,"2010-03-31":860.13,"2009-03-31":825.95,"2007-03-31":624.08}],["Total Liabilities",{"2008-03-31":3905.7,"2016-03-31":9458.15,"2014-03-31":8069.55,"2011-03-31":5771.43,"2015-03-31":8713.14,"2013-03-31":7273.29,"2006-03-31":2599.25,"2012-03-31":6515.42,"2017-03-31":9968.63,"2010-03-31":5196.53,"2009-03-31":4588.16,"2007-03-31":3253.91}],["Fixed Assets",{"2008-03-31":1665.15,"2016-03-31":2799.99,"2014-03-31":3009.38,"2011-03-31":2327.43,"2015-03-31":3241.85,"2013-03-31":2720.11,"2006-03-31":1411.9,"2012-03-31":2393.7,"2017-03-31":3369.82,"2010-03-31":2163.86,"2009-03-31":1948.97,"2007-03-31":1551.52}],["CWIP",{"2008-03-31":172.08,"2016-03-31":513.25,"2014-03-31":231.39,"2011-03-31":106.9,"2015-03-31":300.61,"2013-03-31":188.27,"2006-03-31":165.54,"2012-03-31":104.14,"2017-03-31":507.1,"2010-03-31":206.43,"2009-03-31":245.89,"2007-03-31":202.83}],["Investments",{"2008-03-31":155.36,"2016-03-31":1357.58,"2014-03-31":864.03,"2011-03-31":243.96,"2015-03-31":1154.75,"2013-03-31":482.16,"2006-03-31":129.38,"2012-03-31":293.1,"2017-03-31":1373.71,"2010-03-31":240.54,"2009-03-31":203.08,"2007-03-31":131.7}],["Other Assets",{"2008-03-31":1913.11,"2016-03-31":4787.33,"2014-03-31":3964.75,"2011-03-31":3093.14,"2015-03-31":4015.93,"2013-03-31":3882.75,"2006-03-31":892.43,"2012-03-31":3724.48,"2017-03-31":4718.0,"2010-03-31":2585.7,"2009-03-31":2190.22,"2007-03-31":1367.86}],["Total Assets",{"2008-03-31":3905.7,"2016-03-31":9458.15,"2014-03-31":8069.55,"2011-03-31":5771.43,"2015-03-31":8713.14,"2013-03-31":7273.29,"2006-03-31":2599.25,"2012-03-31":6515.42,"2017-03-31":9968.63,"2010-03-31":5196.53,"2009-03-31":4588.16,"2007-03-31":3253.91}]],"annual":[["Sales",{"2008-03-31":3347.34,"2016-03-31":5921.73,"2014-03-31":4908.4,"2011-03-31":3834.85,"2015-03-31":5585.23,"2013-03-31":4406.16,"2006-03-31":2426.3,"2012-03-31":4060.95,"2017-03-31":5606.13,"2010-03-31":3705.68,"2009-03-31":3417.16,"2007-03-31":3037.29}],["Expenses",{"2008-03-31":null,"2016-03-31":4583.18,"2014-03-31":3881.54,"2011-03-31":null,"2015-03-31":4277.05,"2013-03-31":3358.41,"2006-03-31":null,"2012-03-31":null,"2017-03-31":4359.21,"2010-03-31":null,"2009-03-31":null,"2007-03-31":null}],["Operating Profit",{"2008-03-31":null,"2016-03-31":1338.55,"2014-03-31":1026.86,"2011-03-31":null,"2015-03-31":1308.18,"2013-03-31":1047.75,"2006-03-31":null,"2012-03-31":null,"2017-03-31":1246.92,"2010-03-31":null,"2009-03-31":null,"2007-03-31":null}],["OPM",{"2008-03-31":null,"2016-03-31":22.6,"2014-03-31":20.92,"2011-03-31":null,"2015-03-31":23.42,"2013-03-31":23.78,"2006-03-31":null,"2012-03-31":null,"2017-03-31":22.24,"2010-03-31":null,"2009-03-31":null,"2007-03-31":null}],["Other Income",{"2008-03-31":162.99,"2016-03-31":317.48,"2014-03-31":446.9,"2011-03-31":197.26,"2015-03-31":359.21,"2013-03-31":337.22,"2006-03-31":62.86,"2012-03-31":316.54,"2017-03-31":289.24,"2010-03-31":180.54,"2009-03-31":211.3,"2007-03-31":84.6}],["Interest",{"2008-03-31":0.24,"2016-03-31":0.32,"2014-03-31":0.18,"2011-03-31":0.3,"2015-03-31":0.25,"2013-03-31":0.18,"2006-03-31":0.36,"2012-03-31":0.33,"2017-03-31":3.73,"2010-03-31":0.09,"2009-03-31":0.06,"2007-03-31":0.25}],["Depreciation",{"2008-03-31":106.34,"2016-03-31":347.76,"2014-03-31":189.33,"2011-03-31":145.23,"2015-03-31":372.69,"2013-03-31":172.71,"2006-03-31":83.26,"2012-03-31":158.49,"2017-03-31":351.82,"2010-03-31":135.1,"2009-03-31":115.91,"2007-03-31":93.58}],["Profit before tax",{"2008-03-31":948.3,"2016-03-31":1307.95,"2014-03-31":1284.25,"2011-03-31":1058.28,"2015-03-31":1294.45,"2013-03-31":1212.08,"2006-03-31":670.13,"2012-03-31":1181.65,"2017-03-31":1180.61,"2010-03-31":1007.08,"2009-03-31":1026.45,"2007-03-31":881.9}],["Tax",{"2008-03-31":196.09,"2016-03-31":357.13,"2014-03-31":299.49,"2011-03-31":182.33,"2015-03-31":246.9,"2013-03-31":272.05,"2006-03-31":146.47,"2012-03-31":303.77,"2017-03-31":322.59,"2010-03-31":220.39,"2009-03-31":235.25,"2007-03-31":178.08}],["Net Profit",{"2008-03-31":752.21,"2016-03-31":950.82,"2014-03-31":984.76,"2011-03-31":875.95,"2015-03-31":1047.55,"2013-03-31":940.03,"2006-03-31":523.66,"2012-03-31":877.88,"2017-03-31":858.02,"2010-03-31":786.69,"2009-03-31":791.2,"2007-03-31":703.82}],["EPS (unadj)",{"2008-03-31":111.32,"2016-03-31":48.77,"2014-03-31":48.42,"2011-03-31":64.85,"2015-03-31":51.03,"2013-03-31":69.41,"2006-03-31":78.05,"2012-03-31":64.86,"2017-03-31":44.01,"2010-03-31":58.18,"2009-03-31":58.49,"2007-03-31":104.88}],["Dividend Payout",{"2008-03-31":15.98,"2016-03-31":27.68,"2014-03-31":24.35,"2011-03-31":23.0,"2015-03-31":24.94,"2013-03-31":24.2,"2006-03-31":22.34,"2012-03-31":24.43,"2017-03-31":38.86,"2010-03-31":23.13,"2009-03-31":23.0,"2007-03-31":20.32}]],"cashflow":[["Cash from Operating Activity",{"2008-03-31":719.3,"2016-03-31":-1045.32,"2014-03-31":745.59,"2011-03-31":689.96,"2015-03-31":1106.44,"2013-03-31":919.57,"2006-03-31":548.07,"2012-03-31":803.98,"2017-03-31":589.07,"2010-03-31":642.51,"2009-03-31":818.21,"2007-03-31":728.73}],["Cash from Investing Activity",{"2008-03-31":-93.13,"2016-03-31":-428.14,"2014-03-31":-806.41,"2011-03-31":-148.85,"2015-03-31":-761.57,"2013-03-31":-504.03,"2006-03-31":-273.66,"2012-03-31":-104.0,"2017-03-31":-616.49,"2010-03-31":-205.8,"2009-03-31":-368.71,"2007-03-31":-201.67}],["Cash from Financing Activity",{"2008-03-31":-167.26,"2016-03-31":-314.62,"2014-03-31":-304.15,"2011-03-31":-234.94,"2015-03-31":-308.07,"2013-03-31":-256.82,"2006-03-31":-147.92,"2012-03-31":-234.16,"2017-03-31":-357.98,"2010-03-31":-212.92,"2009-03-31":-205.28,"2007-03-31":-140.81}],["Net Cash Flow",{"2008-03-31":458.91,"2016-03-31":-1788.08,"2014-03-31":-364.97,"2011-03-31":306.17,"2015-03-31":36.8,"2013-03-31":158.72,"2006-03-31":126.49,"2012-03-31":465.82,"2017-03-31":-385.4,"2010-03-31":223.79,"2009-03-31":244.22,"2007-03-31":386.25}]],"quarters":[["Sales",{"2016-06-30":1325.16,"2016-12-31":1314.31,"2017-03-31":1557.89,"2017-06-30":1456.8,"2015-06-30":1420.39,"2015-03-31":1508.98,"2017-09-30":1430.18,"2015-12-31":1404.37,"2016-03-31":1595.18,"2017-12-31":1639.55,"2016-09-30":1360.33,"2015-09-30":1501.79}],["Expenses",{"2016-06-30":1063.12,"2016-12-31":1053.77,"2017-03-31":1062.91,"2017-06-30":1130.09,"2015-06-30":1135.34,"2015-03-31":1179.1,"2017-09-30":1148.12,"2015-12-31":1128.0,"2016-03-31":1129.06,"2017-12-31":1193.98,"2016-09-30":1132.98,"2015-09-30":1190.95}],["Operating Profit",{"2016-06-30":262.04,"2016-12-31":260.54,"2017-03-31":494.98,"2017-06-30":326.71,"2015-06-30":285.05,"2015-03-31":329.88,"2017-09-30":282.06,"2015-12-31":276.37,"2016-03-31":466.12,"2017-12-31":445.57,"2016-09-30":227.35,"2015-09-30":310.84}],["OPM",{"2016-06-30":19.77,"2016-12-31":19.82,"2017-03-31":31.77,"2017-06-30":22.43,"2015-06-30":20.07,"2015-03-31":21.86,"2017-09-30":19.72,"2015-12-31":19.68,"2016-03-31":29.22,"2017-12-31":27.18,"2016-09-30":16.71,"2015-09-30":20.7}],["Other Income",{"2016-06-30":69.19,"2016-12-31":84.52,"2017-03-31":59.26,"2017-06-30":93.64,"2015-06-30":80.79,"2015-03-31":99.07,"2017-09-30":95.36,"2015-12-31":82.03,"2016-03-31":68.37,"2017-12-31":72.67,"2016-09-30":76.27,"2015-09-30":86.29}],["Depreciation",{"2016-06-30":84.08,"2016-12-31":92.07,"2017-03-31":87.71,"2017-06-30":95.27,"2015-06-30":88.31,"2015-03-31":81.02,"2017-09-30":96.85,"2015-12-31":85.21,"2016-03-31":89.06,"2017-12-31":99.49,"2016-09-30":86.02,"2015-09-30":85.18}],["Interest",{"2016-06-30":0.15,"2016-12-31":0.14,"2017-03-31":3.22,"2017-06-30":0.02,"2015-06-30":0.0,"2015-03-31":0.0,"2017-09-30":0.03,"2015-12-31":0.15,"2016-03-31":-0.06,"2017-12-31":0.02,"2016-09-30":0.15,"2015-09-30":0.06}],["Profit before tax",{"2016-06-30":247.0,"2016-12-31":252.85,"2017-03-31":463.31,"2017-06-30":325.06,"2015-06-30":277.53,"2015-03-31":347.93,"2017-09-30":280.54,"2015-12-31":273.04,"2016-03-31":445.49,"2017-12-31":418.73,"2016-09-30":217.45,"2015-09-30":311.89}],["Tax",{"2016-06-30":68.52,"2016-12-31":66.86,"2017-03-31":127.6,"2017-06-30":81.68,"2015-06-30":70.27,"2015-03-31":55.22,"2017-09-30":57.6,"2015-12-31":67.38,"2016-03-31":139.28,"2017-12-31":129.65,"2016-09-30":59.61,"2015-09-30":80.2}],["Net Profit",{"2016-06-30":178.48,"2016-12-31":185.99,"2017-03-31":335.71,"2017-06-30":243.38,"2015-06-30":207.26,"2015-03-31":292.71,"2017-09-30":222.94,"2015-12-31":205.66,"2016-03-31":306.21,"2017-12-31":289.08,"2016-09-30":157.84,"2015-09-30":231.69}]]},"bse_code":"531344","short_name":"Container Corpn.","nse_code":"CONCOR","companyrating_set":[{"rating__rating":"CARE AAA (Is)","instrument":"Issuer Rating","rating__source":"care","link":"http://google.com/search?btnI=1&q=Container Corporation Of India Ltd+site:careratings.com"}],"annualreport_set":[{"source":"bse","report_date":2017,"link":"http://www.bseindia.com/bseplus/AnnualReport/531344/5313440317.pdf"},{"source":"bse","report_date":2016,"link":"http://www.bseindia.com/bseplus/AnnualReport/531344/5313440316.pdf"},{"source":"bse","report_date":2015,"link":"http://www.bseindia.com/bseplus/AnnualReport/531344/5313440315.pdf"},{"source":"bse","report_date":2014,"link":"http://www.bseindia.com/bseplus/AnnualReport/531344/5313440314.pdf"},{"source":"bse","report_date":2013,"link":"http://www.bseindia.com/bseplus/annualreport/531344/5313440313.pdf"},{"source":"bse","report_date":2011,"link":"http://www.bseindia.com/bseplus/annualreport/531344/5313440311.pdf"},{"source":"bse","report_date":2010,"link":"http://www.bseindia.com/bseplus/annualreport/531344/5313440310.pdf"},{"source":"nse","report_date":2010,"link":"http://nseindia.com/annual_reports/AR_CONCOR_2009_2010_15092010120000.zip"}],"announcement_set":[{"ann_date":"01 Apr 2018","announcement":"Intimation To Exchanges","link":"https://www.bseindia.com/corporates/anndet_new.aspx?newsid=abf2fc9d-1bb8-4e31-8996-2bc55b38b65d"},{"ann_date":"15 Mar 2018","announcement":"Announcement under Regulation 30 (LODR)-Analyst / Investor Meet - Intimation","link":"https://www.bseindia.com/corporates/anndet_new.aspx?newsid=f7fee5bd-8d6b-43d1-87a9-5390599e44bd"},{"ann_date":"09 Mar 2018","announcement":"Announcement under Regulation 30 (LODR)-Analyst / Investor Meet - Intimation","link":"https://www.bseindia.com/corporates/anndet_new.aspx?newsid=0ada743f-5372-49d2-95e7-89c06060361a"},{"ann_date":"05 Mar 2018","announcement":"Announcement under Regulation 30 (LODR)-Investor Presentation","link":"https://www.bseindia.com/corporates/anndet_new.aspx?newsid=fe609c11-cfc4-4d7c-b60d-1d0a32663f5c"},{"ann_date":"05 Mar 2018","announcement":"Announcement under Regulation 30 (LODR)-Analyst / Investor Meet - Intimation","link":"https://www.bseindia.com/corporates/anndet_new.aspx?newsid=18536da1-0008-4ea0-aa30-20420789a9d8"}],"warehouse_set":{"high_price":1500.0,"low_price":984.4,"sales_growth":8.75,"current_price":1264.3,"dividend_yield":1.08,"face_value":10.0,"id":3506,"sales_growth_3years":4.53,"profit_growth_5years":-0.49,"average_return_on_equity_3years":11.96,"book_value":393.96,"status":"Active","pair_url":"/company/CONCOR/consolidated","sales_growth_10years":5.9,"average_return_on_equity_10years":15.52,"profit_growth":31.69,"market_capitalization":30813.23,"profit_growth_10years":1.46,"price_to_earning":28.24,"industry":"Transport Related Services","analysis":{"remarks":[],"bad":["Promoter's stake has decreased","The company has delivered a poor growth of 6.66% over past five years.","Company has a low return on equity of 11.96% for last 3 years."],"good":["Company is virtually debt free.","Company has been maintaining a healthy dividend payout of 30.03%"]},"result_type":"sa","profit_growth_3years":-4.5,"sales_growth_5years":6.66,"return_on_equity":9.97,"average_return_on_equity_5years":13.12},"id":702,"name":"Container Corporation Of India Ltd"}
