{"prime":"con","number_set":{"balancesheet":[["Share Capital",{"2009-12-31":7.23,"2016-12-31":7.13,"2014-12-31":7.14,"2006-12-31":6.76,"2008-12-31":7.23,"2012-12-31":7.02,"2010-12-31":7.1,"2015-12-31":7.12,"2013-12-31":7.07,"2007-12-31":7.23,"2017-12-31":7.17,"2011-12-31":7.01}],["Reserves",{"2009-12-31":405.0,"2016-12-31":816.3,"2014-12-31":720.25,"2006-12-31":156.22,"2008-12-31":339.19,"2012-12-31":447.44,"2010-12-31":355.41,"2015-12-31":668.02,"2013-12-31":601.77,"2007-12-31":260.99,"2017-12-31":804.53,"2011-12-31":358.21}],["Borrowings",{"2009-12-31":0.0,"2016-12-31":0.0,"2014-12-31":0.0,"2006-12-31":0.0,"2008-12-31":0.0,"2012-12-31":0.0,"2010-12-31":0.0,"2015-12-31":0.0,"2013-12-31":0.0,"2007-12-31":0.0,"2017-12-31":0.0,"2011-12-31":0.0}],["Other Liabilities",{"2009-12-31":171.01,"2016-12-31":280.88,"2014-12-31":308.33,"2006-12-31":56.77,"2008-12-31":143.67,"2012-12-31":231.45,"2010-12-31":178.61,"2015-12-31":319.54,"2013-12-31":297.86,"2007-12-31":104.9,"2017-12-31":316.72,"2011-12-31":247.59}],["Total Liabilities",{"2009-12-31":583.24,"2016-12-31":1104.31,"2014-12-31":1035.72,"2006-12-31":219.75,"2008-12-31":490.09,"2012-12-31":685.91,"2010-12-31":541.12,"2015-12-31":994.68,"2013-12-31":906.7,"2007-12-31":373.12,"2017-12-31":1128.42,"2011-12-31":612.81}],["Fixed Assets",{"2009-12-31":49.44,"2016-12-31":60.82,"2014-12-31":70.83,"2006-12-31":41.18,"2008-12-31":54.65,"2012-12-31":96.66,"2010-12-31":99.85,"2015-12-31":59.15,"2013-12-31":83.64,"2007-12-31":42.56,"2017-12-31":50.53,"2011-12-31":101.1}],["CWIP",{"2009-12-31":63.67,"2016-12-31":1.92,"2014-12-31":0.0,"2006-12-31":0.09,"2008-12-31":4.04,"2012-12-31":0.0,"2010-12-31":0.08,"2015-12-31":0.13,"2013-12-31":0.0,"2007-12-31":8.03,"2017-12-31":11.6,"2011-12-31":0.44}],["Investments",{"2009-12-31":181.49,"2016-12-31":585.54,"2014-12-31":506.91,"2006-12-31":132.83,"2008-12-31":186.49,"2012-12-31":231.68,"2010-12-31":117.51,"2015-12-31":508.95,"2013-12-31":372.14,"2007-12-31":186.38,"2017-12-31":644.26,"2011-12-31":108.41}],["Other Assets",{"2009-12-31":288.64,"2016-12-31":456.03,"2014-12-31":457.98,"2006-12-31":45.65,"2008-12-31":244.91,"2012-12-31":357.57,"2010-12-31":323.68,"2015-12-31":426.45,"2013-12-31":450.92,"2007-12-31":136.15,"2017-12-31":422.03,"2011-12-31":402.86}],["Total Assets",{"2009-12-31":583.24,"2016-12-31":1104.31,"2014-12-31":1035.72,"2006-12-31":219.75,"2008-12-31":490.09,"2012-12-31":685.91,"2010-12-31":541.12,"2015-12-31":994.68,"2013-12-31":906.7,"2007-12-31":373.12,"2017-12-31":1128.42,"2011-12-31":612.81}]],"annual":[["Sales",{"2009-12-31":441.62,"2016-12-31":1129.64,"2014-12-31":903.37,"2006-12-31":146.75,"2008-12-31":378.35,"2012-12-31":736.6,"2010-12-31":528.71,"2015-12-31":956.1,"2013-12-31":789.28,"2007-12-31":255.32,"2017-12-31":1177.38,"2011-12-31":639.16}],["Expenses",{"2009-12-31":null,"2016-12-31":783.98,"2014-12-31":607.21,"2006-12-31":null,"2008-12-31":null,"2012-12-31":465.03,"2010-12-31":null,"2015-12-31":654.31,"2013-12-31":519.61,"2007-12-31":null,"2017-12-31":857.99,"2011-12-31":413.02}],["Operating Profit",{"2009-12-31":null,"2016-12-31":345.66,"2014-12-31":296.16,"2006-12-31":null,"2008-12-31":null,"2012-12-31":271.57,"2010-12-31":null,"2015-12-31":301.79,"2013-12-31":269.67,"2007-12-31":null,"2017-12-31":319.39,"2011-12-31":226.14}],["OPM",{"2009-12-31":null,"2016-12-31":30.6,"2014-12-31":32.78,"2006-12-31":null,"2008-12-31":null,"2012-12-31":36.87,"2010-12-31":null,"2015-12-31":31.56,"2013-12-31":34.17,"2007-12-31":null,"2017-12-31":27.13,"2011-12-31":35.38}],["Other Income",{"2009-12-31":22.83,"2016-12-31":44.29,"2014-12-31":32.04,"2006-12-31":10.11,"2008-12-31":25.54,"2012-12-31":22.65,"2010-12-31":73.62,"2015-12-31":44.6,"2013-12-31":142.26,"2007-12-31":15.56,"2017-12-31":35.94,"2011-12-31":43.01}],["Interest",{"2009-12-31":0.0,"2016-12-31":0.0,"2014-12-31":0.0,"2006-12-31":0.0,"2008-12-31":0.0,"2012-12-31":0.0,"2010-12-31":0.0,"2015-12-31":0.0,"2013-12-31":0.0,"2007-12-31":0.0,"2017-12-31":0.41,"2011-12-31":0.0}],["Depreciation",{"2009-12-31":13.88,"2016-12-31":28.51,"2014-12-31":23.92,"2006-12-31":6.55,"2008-12-31":11.84,"2012-12-31":23.92,"2010-12-31":20.21,"2015-12-31":24.03,"2013-12-31":23.22,"2007-12-31":13.34,"2017-12-31":28.52,"2011-12-31":21.68}],["Profit before tax",{"2009-12-31":190.27,"2016-12-31":368.34,"2014-12-31":307.39,"2006-12-31":53.86,"2008-12-31":175.09,"2012-12-31":270.29,"2010-12-31":248.89,"2015-12-31":325.36,"2013-12-31":388.71,"2007-12-31":91.43,"2017-12-31":346.05,"2011-12-31":247.47}],["Tax",{"2009-12-31":39.93,"2016-12-31":128.05,"2014-12-31":91.87,"2006-12-31":16.48,"2008-12-31":37.71,"2012-12-31":77.43,"2010-12-31":53.14,"2015-12-31":103.34,"2013-12-31":107.52,"2007-12-31":20.76,"2017-12-31":108.79,"2011-12-31":60.96}],["Net Profit",{"2009-12-31":150.34,"2016-12-31":240.29,"2014-12-31":215.51,"2006-12-31":37.38,"2008-12-31":137.38,"2012-12-31":192.86,"2010-12-31":195.75,"2015-12-31":222.01,"2013-12-31":281.18,"2007-12-31":70.67,"2017-12-31":237.26,"2011-12-31":186.51}],["EPS (unadj)",{"2009-12-31":190.95,"2016-12-31":30.04,"2014-12-31":26.39,"2006-12-31":53.2,"2008-12-31":178.12,"2012-12-31":24.86,"2010-12-31":242.07,"2015-12-31":26.46,"2013-12-31":36.54,"2007-12-31":93.08,"2017-12-31":29.65,"2011-12-31":24.81}],["Dividend Payout",{"2009-12-31":48.06,"2016-12-31":80.12,"2014-12-31":66.22,"2006-12-31":27.11,"2008-12-31":36.81,"2012-12-31":58.27,"2010-12-31":72.51,"2015-12-31":73.77,"2013-12-31":47.74,"2007-12-31":25.56,"2017-12-31":84.62,"2011-12-31":41.32}]],"cashflow":[["Cash from Operating Activity",{"2009-12-31":175.95,"2016-12-31":202.02,"2014-12-31":260.03,"2006-12-31":36.88,"2008-12-31":136.64,"2012-12-31":148.61,"2010-12-31":135.21,"2015-12-31":207.89,"2013-12-31":146.37,"2007-12-31":52.75,"2017-12-31":272.2,"2011-12-31":238.4}],["Cash from Investing Activity",{"2009-12-31":-29.09,"2016-12-31":10.64,"2014-12-31":-134.13,"2006-12-31":-33.12,"2008-12-31":-88.37,"2012-12-31":-65.64,"2010-12-31":104.33,"2015-12-31":49.37,"2013-12-31":-73.86,"2007-12-31":-44.03,"2017-12-31":-68.21,"2011-12-31":-41.86}],["Cash from Financing Activity",{"2009-12-31":-93.45,"2016-12-31":-226.93,"2014-12-31":-111.56,"2006-12-31":-0.41,"2008-12-31":-45.56,"2012-12-31":-110.62,"2010-12-31":-277.87,"2015-12-31":-261.69,"2013-12-31":-82.22,"2007-12-31":0.28,"2017-12-31":-186.58,"2011-12-31":-167.34}],["Net Cash Flow",{"2009-12-31":53.41,"2016-12-31":-14.27,"2014-12-31":14.34,"2006-12-31":3.35,"2008-12-31":2.71,"2012-12-31":-27.65,"2010-12-31":-38.33,"2015-12-31":-4.44,"2013-12-31":-9.71,"2007-12-31":9.0,"2017-12-31":17.41,"2011-12-31":29.2}]],"quarters":[["Sales",{"2016-06-30":271.72,"2016-12-31":315.07,"2017-03-31":301.53,"2017-06-30":292.64,"2015-06-30":230.78,"2015-03-31":222.61,"2017-09-30":281.35,"2015-12-31":258.02,"2016-03-31":259.91,"2017-12-31":306.44,"2016-09-30":285.78,"2015-09-30":246.99}],["Expenses",{"2016-06-30":200.72,"2016-12-31":201.71,"2017-03-31":212.36,"2017-06-30":216.22,"2015-06-30":162.74,"2015-03-31":154.66,"2017-09-30":201.52,"2015-12-31":168.49,"2016-03-31":168.67,"2017-12-31":214.09,"2016-09-30":206.73,"2015-09-30":168.0}],["Operating Profit",{"2016-06-30":71.0,"2016-12-31":113.36,"2017-03-31":89.17,"2017-06-30":76.42,"2015-06-30":68.04,"2015-03-31":67.95,"2017-09-30":79.83,"2015-12-31":89.53,"2016-03-31":91.24,"2017-12-31":92.35,"2016-09-30":79.05,"2015-09-30":78.99}],["OPM",{"2016-06-30":26.13,"2016-12-31":35.98,"2017-03-31":29.57,"2017-06-30":26.11,"2015-06-30":29.48,"2015-03-31":30.52,"2017-09-30":28.37,"2015-12-31":34.7,"2016-03-31":35.1,"2017-12-31":30.14,"2016-09-30":27.66,"2015-09-30":31.98}],["Other Income",{"2016-06-30":8.2,"2016-12-31":10.06,"2017-03-31":10.59,"2017-06-30":12.5,"2015-06-30":14.0,"2015-03-31":4.69,"2017-09-30":11.16,"2015-12-31":11.4,"2016-03-31":10.63,"2017-12-31":4.37,"2016-09-30":14.53,"2015-09-30":14.79}],["Depreciation",{"2016-06-30":7.27,"2016-12-31":7.75,"2017-03-31":6.95,"2017-06-30":7.06,"2015-06-30":5.83,"2015-03-31":6.0,"2017-09-30":7.24,"2015-12-31":6.33,"2016-03-31":6.28,"2017-12-31":7.27,"2016-09-30":7.21,"2015-09-30":5.87}],["Interest",{"2016-06-30":0.0,"2016-12-31":0.0,"2017-03-31":0.0,"2017-06-30":0.0,"2015-06-30":0.0,"2015-03-31":0.0,"2017-09-30":0.12,"2015-12-31":0.0,"2016-03-31":0.0,"2017-12-31":0.29,"2016-09-30":0.0,"2015-09-30":0.0}],["Profit before tax",{"2016-06-30":71.93,"2016-12-31":115.67,"2017-03-31":92.81,"2017-06-30":81.86,"2015-06-30":76.21,"2015-03-31":66.64,"2017-09-30":83.63,"2015-12-31":94.6,"2016-03-31":95.59,"2017-12-31":89.16,"2016-09-30":86.37,"2015-09-30":87.91}],["Tax",{"2016-06-30":23.81,"2016-12-31":44.3,"2017-03-31":29.43,"2017-06-30":26.44,"2015-06-30":24.01,"2015-03-31":21.03,"2017-09-30":28.3,"2015-12-31":30.08,"2016-03-31":31.31,"2017-12-31":24.94,"2016-09-30":28.72,"2015-09-30":28.23}],["Net Profit",{"2016-06-30":48.12,"2016-12-31":71.37,"2017-03-31":63.38,"2017-06-30":55.42,"2015-06-30":52.2,"2015-03-31":45.61,"2017-09-30":55.33,"2015-12-31":64.52,"2016-03-31":64.28,"2017-12-31":64.22,"2016-09-30":57.65,"2015-09-30":59.68}]]},"bse_code":"500092","short_name":"CRISIL","nse_code":"CRISIL","companyrating_set":[],"annualreport_set":[{"source":"bse","report_date":2017,"link":"http://www.bseindia.com/bseplus/annualreport/https:/https://www.bseindia.com/bseplus/AnnualReport/500092/5000921217.pdf"},{"source":"bse","report_date":2016,"link":"http://www.bseindia.com/bseplus/AnnualReport/500092/5000921216.pdf"},{"source":"bse","report_date":2015,"link":"http://www.bseindia.com/bseplus/AnnualReport/500092/5000921215.pdf"},{"source":"bse","report_date":2014,"link":"http://www.bseindia.com/bseplus/AnnualReport/500092/5000921214.pdf"},{"source":"nse","report_date":2013,"link":"http://nseindia.com/annual_reports/AR_3208_CRISIL_2013_2013_19032014123019.zip"},{"source":"bse","report_date":2012,"link":"http://www.bseindia.com/bseplus/annualreport/500092/5000921212.pdf"},{"source":"nse","report_date":2012,"link":"http://nseindia.com/annual_reports/AR_CRISIL_2012_2012_19032013102526.zip"},{"source":"bse","report_date":2011,"link":"http://www.bseindia.com/bseplus/annualreport/500092/5000921211.pdf"},{"source":"nse","report_date":2011,"link":"http://nseindia.com/annual_reports/AR_CRISIL_2011_2011_29032012102228.zip"},{"source":"bse","report_date":2010,"link":"http://www.bseindia.com/bseplus/annualreport/500092/5000921210.pdf"},{"source":"nse","report_date":2010,"link":"http://nseindia.com/annual_reports/AR_CRISIL_2010_2010_07042011101220.zip"},{"source":"nse","report_date":2009,"link":"http://nseindia.com/annual_reports/AR_CRISIL_2009_2009_18082010121500.zip"}],"announcement_set":[{"ann_date":"07 Apr 2018","announcement":"Shareholding for the Period Ended March 31, 2018","link":"https://www.bseindia.com/corporates/anndet_new.aspx?newsid=9a4818d6-f5cd-4119-827a-f195600bcb35"},{"ann_date":"04 Apr 2018","announcement":"Grant Of Options Under Employee Stock Options Scheme - 2014","link":"https://www.bseindia.com/corporates/anndet_new.aspx?newsid=fe82956d-f122-44a6-8037-ec332082794e"},{"ann_date":"22 Mar 2018","announcement":"Publication Of Notice For Attention Of The Shareholders Of The Company In Respect Of Transfer Of Shares To The Investor Education And Protection Fund","link":"https://www.bseindia.com/corporates/anndet_new.aspx?newsid=3f56f037-bf87-4a12-a98e-64c1aebcd4cf"},{"ann_date":"20 Mar 2018","announcement":"Publication Of Notice Of 31St Annual General Meeting And E-Voting Information","link":"https://www.bseindia.com/corporates/anndet_new.aspx?newsid=f93956d6-5922-45c0-ae9f-2c0ff98a0472"},{"ann_date":"20 Mar 2018","announcement":"AGM on April 17, 2018","link":"https://www.bseindia.com/corporates/anndet_new.aspx?newsid=30d76f20-2ca0-4594-9d6f-dcd2bd68f3ec"}],"warehouse_set":{"high_price":2023.0,"low_price":1761.0,"sales_growth":4.37,"current_price":1908.35,"dividend_yield":1.47,"face_value":1.0,"id":1638,"sales_growth_3years":9.23,"profit_growth_5years":3.48,"average_return_on_equity_3years":29.17,"book_value":113.17,"status":"Active","pair_url":"/company/CRISIL/consolidated","sales_growth_10years":13.44,"average_return_on_equity_10years":34.91,"profit_growth":-1.27,"market_capitalization":13687.84,"profit_growth_10years":6.35,"price_to_earning":57.43,"industry":"Other Financial Services","analysis":{"remarks":[],"bad":["Stock is trading at 16.86 times its book value","The company has delivered a poor growth of 9.83% over past five years."],"good":["Company is virtually debt free.","Company has a good return on equity (ROE) track record: 3 Years ROE 29.17%","Company has been maintaining a healthy dividend payout of 79.63%"]},"result_type":"sa","profit_growth_3years":3.06,"sales_growth_5years":9.83,"return_on_equity":27.83,"average_return_on_equity_5years":31.27},"id":737,"name":"CRISIL Ltd"}
