{"prime":"sa","number_set":{"balancesheet":[["Share Capital",{"2017-03-31":125.35,"2015-03-31":0.05,"2016-03-31":125.35}],["Reserves",{"2017-03-31":413.81,"2015-03-31":-1.87,"2016-03-31":103.37}],["Borrowings",{"2017-03-31":650.0,"2015-03-31":0.0,"2016-03-31":644.45}],["Other Liabilities",{"2017-03-31":930.32,"2015-03-31":2.86,"2016-03-31":784.7}],["Total Liabilities",{"2017-03-31":2119.48,"2015-03-31":1.04,"2016-03-31":1657.87}],["Fixed Assets",{"2017-03-31":861.51,"2015-03-31":0.0,"2016-03-31":858.01}],["CWIP",{"2017-03-31":0.05,"2015-03-31":0.0,"2016-03-31":0.07}],["Investments",{"2017-03-31":318.54,"2015-03-31":0.0,"2016-03-31":0.0}],["Other Assets",{"2017-03-31":939.38,"2015-03-31":1.04,"2016-03-31":799.79}],["Total Assets",{"2017-03-31":2119.48,"2015-03-31":1.04,"2016-03-31":1657.87}]],"annual":[["Sales",{"2017-03-31":3975.9,"2015-03-31":0.0,"2016-03-31":1811.68}],["Expenses",{"2017-03-31":3488.21,"2015-03-31":2.86,"2016-03-31":1616.13}],["Operating Profit",{"2017-03-31":487.69,"2015-03-31":-2.86,"2016-03-31":195.55}],["OPM",{"2017-03-31":12.27,"2015-03-31":"--","2016-03-31":10.79}],["Other Income",{"2017-03-31":19.5,"2015-03-31":0.0,"2016-03-31":3.85}],["Interest",{"2017-03-31":65.53,"2015-03-31":0.0,"2016-03-31":35.45}],["Depreciation",{"2017-03-31":11.04,"2015-03-31":0.0,"2016-03-31":6.27}],["Profit before tax",{"2017-03-31":430.62,"2015-03-31":-2.86,"2016-03-31":157.68}],["Tax",{"2017-03-31":139.93,"2015-03-31":-0.99,"2016-03-31":52.49}],["Net Profit",{"2017-03-31":290.69,"2015-03-31":-1.87,"2016-03-31":105.19}],["EPS (unadj)",{"2017-03-31":4.64,"2015-03-31":0.0,"2016-03-31":1.68}],["Dividend Payout",{"2017-03-31":32.34,"2015-03-31":-0.0,"2016-03-31":0.0}]],"cashflow":[["Cash from Operating Activity",{"2017-03-31":310.45,"2015-03-31":0.0,"2016-03-31":175.71}],["Cash from Investing Activity",{"2017-03-31":-315.12,"2015-03-31":0.0,"2016-03-31":2.44}],["Cash from Financing Activity",{"2017-03-31":-15.36,"2015-03-31":0.05,"2016-03-31":-88.31}],["Net Cash Flow",{"2017-03-31":-20.03,"2015-03-31":0.05,"2016-03-31":89.84}]],"quarters":[["Sales",{"2016-06-30":1096.19,"2016-12-31":879.23,"2017-03-31":1076.15,"2017-06-30":1055.45,"2015-06-30":0.0,"2015-03-31":0.0,"2017-09-30":959.71,"2015-12-31":810.05,"2016-03-31":1001.63,"2017-12-31":938.19,"2016-09-30":873.73,"2015-09-30":0.0}],["Expenses",{"2016-06-30":938.9,"2016-12-31":782.01,"2017-03-31":939.66,"2017-06-30":926.05,"2015-06-30":0.12,"2015-03-31":2.86,"2017-09-30":839.01,"2015-12-31":728.45,"2016-03-31":883.75,"2017-12-31":821.72,"2016-09-30":773.02,"2015-09-30":3.81}],["Operating Profit",{"2016-06-30":157.29,"2016-12-31":97.22,"2017-03-31":136.49,"2017-06-30":129.4,"2015-06-30":-0.12,"2015-03-31":-2.86,"2017-09-30":120.7,"2015-12-31":81.6,"2016-03-31":117.88,"2017-12-31":116.47,"2016-09-30":100.71,"2015-09-30":-3.81}],["OPM",{"2016-06-30":14.35,"2016-12-31":11.06,"2017-03-31":12.68,"2017-06-30":12.26,"2015-06-30":"--","2015-03-31":"--","2017-09-30":12.58,"2015-12-31":10.07,"2016-03-31":11.77,"2017-12-31":12.41,"2016-09-30":11.53,"2015-09-30":"--"}],["Other Income",{"2016-06-30":3.44,"2016-12-31":5.04,"2017-03-31":6.88,"2017-06-30":9.69,"2015-06-30":0.0,"2015-03-31":0.0,"2017-09-30":3.53,"2015-12-31":2.21,"2016-03-31":0.03,"2017-12-31":6.62,"2016-09-30":4.14,"2015-09-30":0.0}],["Depreciation",{"2016-06-30":2.8,"2016-12-31":2.63,"2017-03-31":2.89,"2017-06-30":3.15,"2015-06-30":0.0,"2015-03-31":0.0,"2017-09-30":3.16,"2015-12-31":2.97,"2016-03-31":3.3,"2017-12-31":3.22,"2016-09-30":2.72,"2015-09-30":0.0}],["Interest",{"2016-06-30":17.97,"2016-12-31":16.24,"2017-03-31":15.26,"2017-06-30":16.14,"2015-06-30":0.0,"2015-03-31":0.0,"2017-09-30":15.7,"2015-12-31":17.9,"2016-03-31":15.94,"2017-12-31":15.83,"2016-09-30":16.06,"2015-09-30":0.0}],["Profit before tax",{"2016-06-30":139.96,"2016-12-31":83.39,"2017-03-31":125.22,"2017-06-30":119.8,"2015-06-30":-0.12,"2015-03-31":-2.86,"2017-09-30":105.37,"2015-12-31":62.94,"2016-03-31":98.67,"2017-12-31":104.04,"2016-09-30":86.07,"2015-09-30":-3.81}],["Tax",{"2016-06-30":46.51,"2016-12-31":29.04,"2017-03-31":38.78,"2017-06-30":39.53,"2015-06-30":-0.05,"2015-03-31":0.0,"2017-09-30":34.57,"2015-12-31":21.76,"2016-03-31":32.06,"2017-12-31":34.54,"2016-09-30":28.64,"2015-09-30":-1.28}],["Net Profit",{"2016-06-30":93.45,"2016-12-31":54.35,"2017-03-31":86.44,"2017-06-30":80.27,"2015-06-30":-0.07,"2015-03-31":-2.86,"2017-09-30":70.8,"2015-12-31":41.18,"2016-03-31":66.61,"2017-12-31":69.5,"2016-09-30":57.43,"2015-09-30":-2.53}]]},"bse_code":"539876","short_name":"Crompton Gr. Con","nse_code":"CROMPTON","companyrating_set":[],"annualreport_set":[{"source":"bse","report_date":2017,"link":"http://www.bseindia.com/bseplus/AnnualReport/539876/5398760317.pdf"},{"source":"bse","report_date":2016,"link":"http://www.bseindia.com/bseplus/AnnualReport/539876/5398760316.pdf"}],"announcement_set":[{"ann_date":"04 Apr 2018","announcement":"Compliance Certificate Pursuant To Regulation 7(3) Of SEBI (Listing Obligations And Disclosure Requirements) Regulations, 2015 For The Half Year Ended 31.03.2018.","link":"https://www.bseindia.com/corporates/anndet_new.aspx?newsid=64ea5175-cc42-433e-9e22-ed12537becf4"},{"ann_date":"04 Apr 2018","announcement":"Statement Of Investor Complaints For The Quarter Ended March 2018","link":"https://www.bseindia.com/corporates/anndet_new.aspx?newsid=f21104c9-6455-420c-bf97-406233d5e9c2"},{"ann_date":"02 Apr 2018","announcement":"Announcement under Regulation 30 (LODR)-Credit Rating","link":"https://www.bseindia.com/corporates/anndet_new.aspx?newsid=95713ea0-d55d-479f-9dbc-a32d560363fb"},{"ann_date":"28 Mar 2018","announcement":"Announcement under Regulation 30 (LODR)-Analyst / Investor Meet - Intimation","link":"https://www.bseindia.com/corporates/anndet_new.aspx?newsid=26024a68-2d87-4125-a812-a4ab018e74cb"},{"ann_date":"26 Mar 2018","announcement":"Announcement under Regulation 30 (LODR)-Analyst / Investor Meet - Intimation","link":"https://www.bseindia.com/corporates/anndet_new.aspx?newsid=5593ec37-c668-4bbf-bb5a-5c6a76e24df8"}],"warehouse_set":{"status":"Active","high_price":295.0,"book_value":12.12,"price_to_earning":46.91,"low_price":200.05,"industry":"Household Appliances","result_type":"sa","pair_url":null,"profit_growth":12.94,"return_on_equity":76.13,"sales_growth":4.64,"current_price":230.85,"dividend_yield":0.65,"face_value":2.0,"id":9351985,"market_capitalization":14469.33,"analysis":{"remarks":[],"bad":["Stock is trading at 19.05 times its book value","Promoter holding is low: 34.38%","Promoters have pledged 42.47% of their holding"],"good":["Promoter's stake has increased","Company has been maintaining a healthy dividend payout of 23.64%"]}},"id":1273354,"name":"Crompton Greaves Consumer Electrical Ltd"}
