{"prime":"sa","number_set":{"balancesheet":[["Share Capital",{"2008-03-31":39.6,"2016-03-31":55.44,"2014-03-31":55.44,"2011-03-31":39.6,"2015-03-31":55.44,"2013-03-31":55.44,"2006-03-31":39.6,"2012-03-31":55.44,"2017-03-31":55.44,"2010-03-31":39.6,"2009-03-31":39.6,"2007-03-31":39.6}],["Reserves",{"2008-03-31":1064.08,"2016-03-31":3425.86,"2014-03-31":2509.71,"2011-03-31":1766.67,"2015-03-31":2831.08,"2013-03-31":2331.29,"2006-03-31":744.68,"2012-03-31":1987.71,"2017-03-31":3686.73,"2010-03-31":1521.4,"2009-03-31":1355.05,"2007-03-31":889.95}],["Borrowings",{"2008-03-31":32.52,"2016-03-31":0.0,"2014-03-31":0.0,"2011-03-31":0.0,"2015-03-31":0.0,"2013-03-31":0.0,"2006-03-31":8.75,"2012-03-31":0.0,"2017-03-31":250.78,"2010-03-31":8.64,"2009-03-31":22.91,"2007-03-31":8.47}],["Other Liabilities",{"2008-03-31":661.84,"2016-03-31":1105.73,"2014-03-31":1226.58,"2011-03-31":1095.74,"2015-03-31":1458.16,"2013-03-31":1307.26,"2006-03-31":362.99,"2012-03-31":1102.44,"2017-03-31":1155.77,"2010-03-31":814.14,"2009-03-31":792.38,"2007-03-31":444.74}],["Total Liabilities",{"2008-03-31":1798.04,"2016-03-31":4587.03,"2014-03-31":3791.73,"2011-03-31":2902.01,"2015-03-31":4344.68,"2013-03-31":3693.99,"2006-03-31":1156.02,"2012-03-31":3145.59,"2017-03-31":5148.72,"2010-03-31":2383.78,"2009-03-31":2209.94,"2007-03-31":1382.76}],["Fixed Assets",{"2008-03-31":224.09,"2016-03-31":1289.38,"2014-03-31":919.15,"2011-03-31":356.37,"2015-03-31":1233.96,"2013-03-31":493.43,"2006-03-31":153.06,"2012-03-31":464.91,"2017-03-31":1232.22,"2010-03-31":294.44,"2009-03-31":251.01,"2007-03-31":147.79}],["CWIP",{"2008-03-31":30.76,"2016-03-31":519.22,"2014-03-31":95.76,"2011-03-31":64.67,"2015-03-31":170.61,"2013-03-31":120.79,"2006-03-31":9.02,"2012-03-31":49.67,"2017-03-31":463.13,"2010-03-31":39.22,"2009-03-31":58.01,"2007-03-31":33.86}],["Investments",{"2008-03-31":432.15,"2016-03-31":333.57,"2014-03-31":495.35,"2011-03-31":725.46,"2015-03-31":465.04,"2013-03-31":627.56,"2006-03-31":248.89,"2012-03-31":597.55,"2017-03-31":975.29,"2010-03-31":732.92,"2009-03-31":399.27,"2007-03-31":282.58}],["Other Assets",{"2008-03-31":1111.04,"2016-03-31":2444.86,"2014-03-31":2281.47,"2011-03-31":1755.51,"2015-03-31":2475.07,"2013-03-31":2452.21,"2006-03-31":745.05,"2012-03-31":2033.46,"2017-03-31":2478.08,"2010-03-31":1317.2,"2009-03-31":1501.65,"2007-03-31":918.53}],["Total Assets",{"2008-03-31":1798.04,"2016-03-31":4587.03,"2014-03-31":3791.73,"2011-03-31":2902.01,"2015-03-31":4344.68,"2013-03-31":3693.99,"2006-03-31":1156.02,"2012-03-31":3145.59,"2017-03-31":5148.72,"2010-03-31":2383.78,"2009-03-31":2209.94,"2007-03-31":1382.76}]],"annual":[["Sales",{"2008-03-31":2330.78,"2016-03-31":4708.82,"2014-03-31":3976.67,"2011-03-31":4042.53,"2015-03-31":4405.8,"2013-03-31":4589.38,"2006-03-31":1462.77,"2012-03-31":4117.22,"2017-03-31":5077.34,"2010-03-31":2844.87,"2009-03-31":3304.28,"2007-03-31":1840.78}],["Expenses",{"2008-03-31":2024.64,"2016-03-31":3933.71,"2014-03-31":3279.94,"2011-03-31":3279.14,"2015-03-31":3674.01,"2013-03-31":3754.5,"2006-03-31":1260.88,"2012-03-31":3419.97,"2017-03-31":4275.52,"2010-03-31":2317.88,"2009-03-31":2827.91,"2007-03-31":1548.59}],["Operating Profit",{"2008-03-31":306.14,"2016-03-31":775.11,"2014-03-31":696.73,"2011-03-31":763.39,"2015-03-31":731.79,"2013-03-31":834.88,"2006-03-31":201.89,"2012-03-31":697.25,"2017-03-31":801.82,"2010-03-31":526.99,"2009-03-31":476.37,"2007-03-31":292.19}],["OPM",{"2008-03-31":13.13,"2016-03-31":16.46,"2014-03-31":17.52,"2011-03-31":18.88,"2015-03-31":16.61,"2013-03-31":18.19,"2006-03-31":13.8,"2012-03-31":16.93,"2017-03-31":15.79,"2010-03-31":18.52,"2009-03-31":14.42,"2007-03-31":15.87}],["Other Income",{"2008-03-31":122.71,"2016-03-31":225.86,"2014-03-31":177.71,"2011-03-31":80.37,"2015-03-31":286.58,"2013-03-31":268.31,"2006-03-31":77.2,"2012-03-31":174.77,"2017-03-31":207.98,"2010-03-31":121.75,"2009-03-31":169.95,"2007-03-31":85.34}],["Interest",{"2008-03-31":0.67,"2016-03-31":9.58,"2014-03-31":4.18,"2011-03-31":4.75,"2015-03-31":1.26,"2013-03-31":4.61,"2006-03-31":0.9,"2012-03-31":5.41,"2017-03-31":16.78,"2010-03-31":2.05,"2009-03-31":2.6,"2007-03-31":1.41}],["Depreciation",{"2008-03-31":32.96,"2016-03-31":81.01,"2014-03-31":52.75,"2011-03-31":36.64,"2015-03-31":79.72,"2013-03-31":47.25,"2006-03-31":33.64,"2012-03-31":41.98,"2017-03-31":84.78,"2010-03-31":36.08,"2009-03-31":45.56,"2007-03-31":32.6}],["Profit before tax",{"2008-03-31":396.0,"2016-03-31":910.38,"2014-03-31":817.51,"2011-03-31":802.37,"2015-03-31":937.39,"2013-03-31":1051.33,"2006-03-31":245.86,"2012-03-31":824.63,"2017-03-31":908.24,"2010-03-31":610.91,"2009-03-31":599.03,"2007-03-31":346.01}],["Tax",{"2008-03-31":115.31,"2016-03-31":156.08,"2014-03-31":217.49,"2011-03-31":211.38,"2015-03-31":151.54,"2013-03-31":287.22,"2006-03-31":70.16,"2012-03-31":233.36,"2017-03-31":173.61,"2010-03-31":167.04,"2009-03-31":165.37,"2007-03-31":103.96}],["Net Profit",{"2008-03-31":280.69,"2016-03-31":754.3,"2014-03-31":600.02,"2011-03-31":590.99,"2015-03-31":785.85,"2013-03-31":764.11,"2006-03-31":175.7,"2012-03-31":591.27,"2017-03-31":734.63,"2010-03-31":443.87,"2009-03-31":433.66,"2007-03-31":242.05}],["EPS (unadj)",{"2008-03-31":13.39,"2016-03-31":26.19,"2014-03-31":19.44,"2011-03-31":27.39,"2015-03-31":25.67,"2013-03-31":25.39,"2006-03-31":8.31,"2012-03-31":19.55,"2017-03-31":25.48,"2010-03-31":20.4,"2009-03-31":20.29,"2007-03-31":11.6}],["Dividend Payout",{"2008-03-31":32.45,"2016-03-31":51.45,"2014-03-31":60.06,"2011-03-31":50.25,"2015-03-31":49.38,"2013-03-31":47.16,"2006-03-31":45.08,"2012-03-31":51.57,"2017-03-31":52.83,"2010-03-31":53.53,"2009-03-31":41.09,"2007-03-31":32.72}]],"cashflow":[["Cash from Operating Activity",{"2008-03-31":244.34,"2016-03-31":691.8,"2014-03-31":361.07,"2011-03-31":429.25,"2015-03-31":497.91,"2013-03-31":528.61,"2006-03-31":128.65,"2012-03-31":442.49,"2017-03-31":745.57,"2010-03-31":575.94,"2009-03-31":221.15,"2007-03-31":167.02}],["Cash from Investing Activity",{"2008-03-31":-201.84,"2016-03-31":-214.39,"2014-03-31":55.24,"2011-03-31":-132.65,"2015-03-31":-56.29,"2013-03-31":-218.64,"2006-03-31":-8.68,"2012-03-31":7.74,"2017-03-31":-482.43,"2010-03-31":-336.83,"2009-03-31":10.37,"2007-03-31":-42.8}],["Cash from Financing Activity",{"2008-03-31":-69.05,"2016-03-31":-467.74,"2014-03-31":-425.78,"2011-03-31":-304.91,"2015-03-31":-422.86,"2013-03-31":-359.0,"2006-03-31":-116.12,"2012-03-31":-350.59,"2017-03-31":-224.53,"2010-03-31":-215.5,"2009-03-31":-223.14,"2007-03-31":-91.0}],["Net Cash Flow",{"2008-03-31":-26.55,"2016-03-31":9.67,"2014-03-31":-9.47,"2011-03-31":-8.31,"2015-03-31":18.76,"2013-03-31":-49.03,"2006-03-31":3.85,"2012-03-31":99.64,"2017-03-31":38.61,"2010-03-31":23.61,"2009-03-31":8.38,"2007-03-31":33.22}]],"quarters":[["Sales",{"2016-06-30":1258.99,"2016-12-31":1355.0,"2017-03-31":1184.38,"2017-06-30":1340.78,"2015-06-30":1310.06,"2015-03-31":1133.51,"2017-09-30":1153.85,"2015-12-31":1138.22,"2016-03-31":1065.9,"2017-12-31":1354.67,"2016-09-30":1278.97,"2015-09-30":1194.64}],["Expenses",{"2016-06-30":1052.65,"2016-12-31":1128.52,"2017-03-31":1014.37,"2017-06-30":1145.51,"2015-06-30":1088.34,"2015-03-31":958.3,"2017-09-30":986.39,"2015-12-31":965.5,"2016-03-31":887.09,"2017-12-31":1158.0,"2016-09-30":1079.98,"2015-09-30":992.79}],["Operating Profit",{"2016-06-30":206.34,"2016-12-31":226.48,"2017-03-31":170.01,"2017-06-30":195.27,"2015-06-30":221.72,"2015-03-31":175.21,"2017-09-30":167.46,"2015-12-31":172.72,"2016-03-31":178.81,"2017-12-31":196.67,"2016-09-30":198.99,"2015-09-30":201.85}],["OPM",{"2016-06-30":16.39,"2016-12-31":16.71,"2017-03-31":14.35,"2017-06-30":14.56,"2015-06-30":16.92,"2015-03-31":15.46,"2017-09-30":14.51,"2015-12-31":15.17,"2016-03-31":16.78,"2017-12-31":14.52,"2016-09-30":15.56,"2015-09-30":16.9}],["Other Income",{"2016-06-30":41.59,"2016-12-31":46.11,"2017-03-31":51.07,"2017-06-30":114.45,"2015-06-30":59.51,"2015-03-31":66.09,"2017-09-30":53.64,"2015-12-31":56.45,"2016-03-31":49.78,"2017-12-31":50.1,"2016-09-30":69.21,"2015-09-30":60.12}],["Depreciation",{"2016-06-30":20.6,"2016-12-31":22.47,"2017-03-31":20.84,"2017-06-30":20.84,"2015-06-30":20.33,"2015-03-31":19.08,"2017-09-30":22.02,"2015-12-31":20.15,"2016-03-31":20.56,"2017-12-31":23.65,"2016-09-30":20.87,"2015-09-30":19.96}],["Interest",{"2016-06-30":2.14,"2016-12-31":5.48,"2017-03-31":4.85,"2017-06-30":4.2,"2015-06-30":2.4,"2015-03-31":0.25,"2017-09-30":3.78,"2015-12-31":2.39,"2016-03-31":2.4,"2017-12-31":3.43,"2016-09-30":4.31,"2015-09-30":2.39}],["Profit before tax",{"2016-06-30":225.19,"2016-12-31":244.64,"2017-03-31":195.39,"2017-06-30":284.68,"2015-06-30":258.5,"2015-03-31":221.97,"2017-09-30":195.3,"2015-12-31":206.63,"2016-03-31":205.63,"2017-12-31":219.69,"2016-09-30":243.02,"2015-09-30":239.62}],["Tax",{"2016-06-30":44.01,"2016-12-31":46.55,"2017-03-31":36.93,"2017-06-30":62.52,"2015-06-30":47.15,"2015-03-31":31.53,"2017-09-30":42.4,"2015-12-31":28.64,"2016-03-31":38.62,"2017-12-31":47.5,"2016-09-30":46.12,"2015-09-30":41.67}],["Net Profit",{"2016-06-30":181.18,"2016-12-31":198.09,"2017-03-31":158.46,"2017-06-30":222.16,"2015-06-30":211.35,"2015-03-31":190.44,"2017-09-30":152.9,"2015-12-31":177.99,"2016-03-31":167.01,"2017-12-31":172.19,"2016-09-30":196.9,"2015-09-30":197.95}]]},"bse_code":"500480","short_name":"Cummins India","nse_code":"CUMMINSIND","companyrating_set":[],"annualreport_set":[{"source":"bse","report_date":2017,"link":"http://www.bseindia.com/bseplus/AnnualReport/500480/5004800317.pdf"},{"source":"bse","report_date":2016,"link":"http://www.bseindia.com/bseplus/AnnualReport/500480/5004800316.pdf"},{"source":"bse","report_date":2015,"link":"http://www.bseindia.com/bseplus/AnnualReport/500480/5004800315.pdf"},{"source":"bse","report_date":2014,"link":"http://www.bseindia.com/bseplus/AnnualReport/500480/5004800314.pdf"},{"source":"bse","report_date":2013,"link":"http://www.bseindia.com/bseplus/annualreport/500480/5004800313.pdf"},{"source":"nse","report_date":2013,"link":"http://nseindia.com/annual_reports/AR_181_CUMMINSIND_2012_2013_01072013181057.zip"},{"source":"bse","report_date":2012,"link":"http://www.bseindia.com/bseplus/annualreport/500480/5004800312.PDF"},{"source":"bse","report_date":2011,"link":"http://www.bseindia.com/bseplus/annualreport/500480/5004800311.pdf"},{"source":"nse","report_date":2011,"link":"http://nseindia.com/annual_reports/AR_CUMMINSIND_2010_2011_25102011045757.zip"},{"source":"bse","report_date":2010,"link":"http://www.bseindia.com/bseplus/annualreport/500480/5004800310.pdf"},{"source":"nse","report_date":2010,"link":"http://nseindia.com/annual_reports/AR_CUMMINSIND_2009_2010_20082010120000.zip"}],"announcement_set":[{"ann_date":"28 Mar 2018","announcement":"Clarification","link":"https://www.bseindia.com/corporates/anndet_new.aspx?newsid=242c9069-8925-40dc-916c-61ee0b1f7d3b"},{"ann_date":"20 Mar 2018","announcement":"Profile Of Mr. Mark A. Levett (Additional Director & Chairman)","link":"https://www.bseindia.com/corporates/anndet_new.aspx?newsid=0f602378-9c19-4013-9a92-dd4ad4cdf50b"},{"ann_date":"09 Mar 2018","announcement":"Announcement under Regulation 30 (LODR)-Analyst / Investor Meet - Intimation","link":"https://www.bseindia.com/corporates/anndet_new.aspx?newsid=7e5ed455-f94b-475c-8dd6-5ff66e6db236"},{"ann_date":"07 Mar 2018","announcement":"Announcement under Regulation 30 (LODR)-Analyst / Investor Meet - Intimation","link":"https://www.bseindia.com/corporates/anndet_new.aspx?newsid=204aabf7-50a4-418b-bcfd-97f2e3660c00"},{"ann_date":"05 Mar 2018","announcement":"Announcement under Regulation 30 (LODR)-Analyst / Investor Meet - Intimation","link":"https://www.bseindia.com/corporates/anndet_new.aspx?newsid=11ed339f-f0eb-4a1a-9695-8642633ec25d"}],"warehouse_set":{"high_price":1096.8,"low_price":680.65,"sales_growth":1.51,"current_price":768.65,"dividend_yield":1.82,"face_value":2.0,"id":1531,"sales_growth_3years":8.49,"profit_growth_5years":6.38,"average_return_on_equity_3years":23.01,"book_value":154.74,"status":"Active","pair_url":"/company/CUMMINSIND/consolidated","sales_growth_10years":9.04,"average_return_on_equity_10years":26.67,"profit_growth":-5.04,"market_capitalization":21306.98,"profit_growth_10years":11.34,"price_to_earning":32.19,"industry":"Industrial Machinery","analysis":{"remarks":[],"bad":["The company has delivered a poor growth of 4.28% over past five years.","Earnings include an other income of Rs.269.26 Cr."],"good":["Company is virtually debt free.","Company has been maintaining a healthy dividend payout of 51.18%"]},"result_type":"sa","profit_growth_3years":7.88,"sales_growth_5years":4.28,"return_on_equity":20.29,"average_return_on_equity_5years":24.23},"id":744,"name":"Cummins India Ltd"}
