{"prime":"con","number_set":{"balancesheet":[["Share Capital",{"2008-03-31":86.4,"2016-03-31":175.91,"2014-03-31":174.38,"2011-03-31":174.07,"2015-03-31":175.65,"2013-03-31":174.29,"2006-03-31":57.33,"2012-03-31":174.21,"2017-03-31":176.15,"2010-03-31":86.9,"2009-03-31":86.51,"2007-03-31":86.29}],["Reserves",{"2008-03-31":441.92,"2016-03-31":2918.38,"2014-03-31":1727.96,"2011-03-31":927.09,"2015-03-31":2160.54,"2013-03-31":1386.83,"2006-03-31":390.54,"2012-03-31":1128.28,"2017-03-31":3481.73,"2010-03-31":662.48,"2009-03-31":651.69,"2007-03-31":316.9}],["Borrowings",{"2008-03-31":17.34,"2016-03-31":87.23,"2014-03-31":44.29,"2011-03-31":257.44,"2015-03-31":129.13,"2013-03-31":242.04,"2006-03-31":20.57,"2012-03-31":273.27,"2017-03-31":284.5,"2010-03-31":109.97,"2009-03-31":141.37,"2007-03-31":20.08}],["Other Liabilities",{"2008-03-31":609.91,"2016-03-31":1261.43,"2014-03-31":1199.49,"2011-03-31":1070.59,"2015-03-31":1246.99,"2013-03-31":1019.0,"2006-03-31":324.03,"2012-03-31":899.7,"2017-03-31":1288.63,"2010-03-31":908.07,"2009-03-31":694.59,"2007-03-31":378.72}],["Total Liabilities",{"2008-03-31":1155.57,"2016-03-31":4442.95,"2014-03-31":3146.12,"2011-03-31":2429.19,"2015-03-31":3712.31,"2013-03-31":2822.16,"2006-03-31":792.47,"2012-03-31":2475.46,"2017-03-31":5231.01,"2010-03-31":1767.28,"2009-03-31":1574.16,"2007-03-31":801.99}],["Fixed Assets",{"2008-03-31":278.17,"2016-03-31":638.81,"2014-03-31":653.65,"2011-03-31":497.56,"2015-03-31":682.52,"2013-03-31":616.58,"2006-03-31":185.77,"2012-03-31":585.33,"2017-03-31":941.98,"2010-03-31":450.95,"2009-03-31":308.32,"2007-03-31":235.33}],["CWIP",{"2008-03-31":16.26,"2016-03-31":24.96,"2014-03-31":16.73,"2011-03-31":4.37,"2015-03-31":12.22,"2013-03-31":17.07,"2006-03-31":13.07,"2012-03-31":11.58,"2017-03-31":28.25,"2010-03-31":23.31,"2009-03-31":51.71,"2007-03-31":3.71}],["Investments",{"2008-03-31":270.37,"2016-03-31":2570.31,"2014-03-31":1118.42,"2011-03-31":519.49,"2015-03-31":1778.17,"2013-03-31":1026.15,"2006-03-31":275.08,"2012-03-31":552.72,"2017-03-31":3105.5,"2010-03-31":348.51,"2009-03-31":436.9,"2007-03-31":145.35}],["Other Assets",{"2008-03-31":590.77,"2016-03-31":1208.87,"2014-03-31":1357.32,"2011-03-31":1407.77,"2015-03-31":1239.4,"2013-03-31":1162.36,"2006-03-31":318.55,"2012-03-31":1325.83,"2017-03-31":1155.28,"2010-03-31":944.51,"2009-03-31":777.23,"2007-03-31":417.6}],["Total Assets",{"2008-03-31":1155.57,"2016-03-31":4442.95,"2014-03-31":3146.12,"2011-03-31":2429.19,"2015-03-31":3712.31,"2013-03-31":2822.16,"2006-03-31":792.47,"2012-03-31":2475.46,"2017-03-31":5231.01,"2010-03-31":1767.28,"2009-03-31":1574.16,"2007-03-31":801.99}]],"annual":[["Sales",{"2008-03-31":2083.4,"2016-03-31":5422.57,"2014-03-31":4870.08,"2011-03-31":3264.98,"2015-03-31":5431.28,"2013-03-31":4349.39,"2006-03-31":1369.68,"2012-03-31":3757.54,"2017-03-31":5369.84,"2010-03-31":2855.96,"2009-03-31":2396.16,"2007-03-31":1600.43}],["Expenses",{"2008-03-31":1711.85,"2016-03-31":4324.49,"2014-03-31":4045.17,"2011-03-31":2630.8,"2015-03-31":4516.74,"2013-03-31":3626.5,"2006-03-31":1152.38,"2012-03-31":3145.67,"2017-03-31":4258.47,"2010-03-31":2325.17,"2009-03-31":1973.47,"2007-03-31":1306.73}],["Operating Profit",{"2008-03-31":371.55,"2016-03-31":1098.08,"2014-03-31":824.91,"2011-03-31":634.18,"2015-03-31":914.54,"2013-03-31":722.89,"2006-03-31":217.3,"2012-03-31":611.87,"2017-03-31":1111.37,"2010-03-31":530.79,"2009-03-31":422.69,"2007-03-31":293.7}],["OPM",{"2008-03-31":17.83,"2016-03-31":20.25,"2014-03-31":16.94,"2011-03-31":19.42,"2015-03-31":16.84,"2013-03-31":16.62,"2006-03-31":15.87,"2012-03-31":16.28,"2017-03-31":20.7,"2010-03-31":18.59,"2009-03-31":17.64,"2007-03-31":18.35}],["Other Income",{"2008-03-31":30.29,"2016-03-31":194.36,"2014-03-31":109.66,"2011-03-31":41.98,"2015-03-31":137.85,"2013-03-31":94.23,"2006-03-31":22.34,"2012-03-31":55.14,"2017-03-31":274.64,"2010-03-31":41.64,"2009-03-31":44.19,"2007-03-31":19.31}],["Interest",{"2008-03-31":10.92,"2016-03-31":10.26,"2014-03-31":19.35,"2011-03-31":12.0,"2015-03-31":9.89,"2013-03-31":18.4,"2006-03-31":5.73,"2012-03-31":14.1,"2017-03-31":16.23,"2010-03-31":13.49,"2009-03-31":14.47,"2007-03-31":6.81}],["Depreciation",{"2008-03-31":25.75,"2016-03-31":72.83,"2014-03-31":53.89,"2011-03-31":67.9,"2015-03-31":65.97,"2013-03-31":49.05,"2006-03-31":19.05,"2012-03-31":65.88,"2017-03-31":75.43,"2010-03-31":31.91,"2009-03-31":27.42,"2007-03-31":21.98}],["Profit before tax",{"2008-03-31":365.17,"2016-03-31":1209.35,"2014-03-31":861.33,"2011-03-31":596.26,"2015-03-31":976.53,"2013-03-31":749.67,"2006-03-31":214.86,"2012-03-31":587.03,"2017-03-31":1294.35,"2010-03-31":527.03,"2009-03-31":424.99,"2007-03-31":284.22}],["Tax",{"2008-03-31":48.4,"2016-03-31":272.09,"2014-03-31":189.23,"2011-03-31":124.85,"2015-03-31":213.95,"2013-03-31":158.69,"2006-03-31":25.78,"2012-03-31":123.79,"2017-03-31":296.02,"2010-03-31":93.7,"2009-03-31":51.44,"2007-03-31":32.14}],["Net Profit",{"2008-03-31":316.77,"2016-03-31":937.26,"2014-03-31":672.1,"2011-03-31":471.41,"2015-03-31":762.58,"2013-03-31":590.98,"2006-03-31":189.08,"2012-03-31":463.24,"2017-03-31":998.33,"2010-03-31":433.33,"2009-03-31":373.55,"2007-03-31":252.08}],["EPS (unadj)",{"2008-03-31":3.41,"2016-03-31":5.33,"2014-03-31":3.56,"2011-03-31":2.52,"2015-03-31":3.98,"2013-03-31":3.14,"2006-03-31":3.05,"2012-03-31":2.45,"2017-03-31":5.67,"2010-03-31":4.65,"2009-03-31":4.02,"2007-03-31":2.72}],["Dividend Payout",{"2008-03-31":40.91,"2016-03-31":42.23,"2014-03-31":45.41,"2011-03-31":42.46,"2015-03-31":46.07,"2013-03-31":44.24,"2006-03-31":75.8,"2012-03-31":48.89,"2017-03-31":39.7,"2010-03-31":40.04,"2009-03-31":40.53,"2007-03-31":59.9}]],"cashflow":[["Cash from Operating Activity",{"2008-03-31":313.29,"2016-03-31":960.3,"2014-03-31":712.23,"2011-03-31":351.54,"2015-03-31":839.2,"2013-03-31":702.55,"2006-03-31":194.34,"2012-03-31":520.12,"2017-03-31":926.94,"2010-03-31":499.59,"2009-03-31":323.57,"2007-03-31":230.6}],["Cash from Investing Activity",{"2008-03-31":-179.77,"2016-03-31":-494.33,"2014-03-31":-98.43,"2011-03-31":-228.82,"2015-03-31":-612.96,"2013-03-31":-345.91,"2006-03-31":-27.51,"2012-03-31":-218.58,"2017-03-31":-678.94,"2010-03-31":-259.65,"2009-03-31":-238.38,"2007-03-31":-60.57}],["Cash from Financing Activity",{"2008-03-31":-119.3,"2016-03-31":-455.04,"2014-03-31":-534.85,"2011-03-31":-94.22,"2015-03-31":-336.75,"2013-03-31":-327.77,"2006-03-31":-139.44,"2012-03-31":-232.66,"2017-03-31":-273.66,"2010-03-31":-227.87,"2009-03-31":-9.77,"2007-03-31":-164.23}],["Net Cash Flow",{"2008-03-31":14.22,"2016-03-31":10.93,"2014-03-31":78.95,"2011-03-31":28.5,"2015-03-31":-110.51,"2013-03-31":28.87,"2006-03-31":27.39,"2012-03-31":68.88,"2017-03-31":-25.66,"2010-03-31":12.07,"2009-03-31":75.42,"2007-03-31":5.8}]],"quarters":[["Sales",{"2016-06-30":1299.5,"2016-12-31":1283.96,"2017-03-31":1434.8,"2017-06-30":1233.74,"2015-06-30":1278.32,"2015-03-31":1390.51,"2017-09-30":1416.39,"2015-12-31":1372.85,"2016-03-31":1432.97,"2017-12-31":1449.31,"2016-09-30":1351.58,"2015-09-30":1320.48}],["Expenses",{"2016-06-30":1076.48,"2016-12-31":1040.87,"2017-03-31":1076.34,"2017-06-30":1058.67,"2015-06-30":1072.51,"2015-03-31":1137.24,"2017-09-30":1097.6,"2015-12-31":1087.0,"2016-03-31":1088.77,"2017-12-31":1139.43,"2016-09-30":1064.78,"2015-09-30":1058.26}],["Operating Profit",{"2016-06-30":223.02,"2016-12-31":243.09,"2017-03-31":358.46,"2017-06-30":175.07,"2015-06-30":205.81,"2015-03-31":253.27,"2017-09-30":318.79,"2015-12-31":285.85,"2016-03-31":344.2,"2017-12-31":309.88,"2016-09-30":286.8,"2015-09-30":262.22}],["OPM",{"2016-06-30":17.16,"2016-12-31":18.93,"2017-03-31":24.98,"2017-06-30":14.19,"2015-06-30":16.1,"2015-03-31":18.21,"2017-09-30":22.51,"2015-12-31":20.82,"2016-03-31":24.02,"2017-12-31":21.38,"2016-09-30":21.22,"2015-09-30":19.86}],["Other Income",{"2016-06-30":54.7,"2016-12-31":75.73,"2017-03-31":60.04,"2017-06-30":75.58,"2015-06-30":41.16,"2015-03-31":38.7,"2017-09-30":76.23,"2015-12-31":53.52,"2016-03-31":48.06,"2017-12-31":60.58,"2016-09-30":84.17,"2015-09-30":51.62}],["Depreciation",{"2016-06-30":17.4,"2016-12-31":18.04,"2017-03-31":21.32,"2017-06-30":24.51,"2015-06-30":17.99,"2015-03-31":17.14,"2017-09-30":25.51,"2015-12-31":17.49,"2016-03-31":20.06,"2017-12-31":26.15,"2016-09-30":18.67,"2015-09-30":17.29}],["Interest",{"2016-06-30":2.41,"2016-12-31":3.92,"2017-03-31":4.95,"2017-06-30":5.77,"2015-06-30":3.62,"2015-03-31":2.81,"2017-09-30":4.98,"2015-12-31":1.92,"2016-03-31":3.01,"2017-12-31":5.22,"2016-09-30":4.95,"2015-09-30":1.71}],["Profit before tax",{"2016-06-30":257.91,"2016-12-31":296.86,"2017-03-31":392.23,"2017-06-30":220.37,"2015-06-30":225.36,"2015-03-31":272.02,"2017-09-30":364.53,"2015-12-31":319.96,"2016-03-31":369.19,"2017-12-31":339.09,"2016-09-30":347.35,"2015-09-30":294.84}],["Tax",{"2016-06-30":59.54,"2016-12-31":67.85,"2017-03-31":90.0,"2017-06-30":50.78,"2015-06-30":51.64,"2015-03-31":59.08,"2017-09-30":81.12,"2015-12-31":71.77,"2016-03-31":82.05,"2017-12-31":73.62,"2016-09-30":78.63,"2015-09-30":66.63}],["Net Profit",{"2016-06-30":198.37,"2016-12-31":229.01,"2017-03-31":302.23,"2017-06-30":169.59,"2015-06-30":173.72,"2015-03-31":212.94,"2017-09-30":283.41,"2015-12-31":248.19,"2016-03-31":287.14,"2017-12-31":265.47,"2016-09-30":268.72,"2015-09-30":228.21}]]},"bse_code":"500096","short_name":"Dabur India","nse_code":"DABUR","companyrating_set":[{"rating__rating":"CRISIL A1+","instrument":"Bank Guarantee limit","rating__source":"crisil","link":"http://www.crisil.com/ratings/company-wise-ratings.jsp?txtSearch=Dabur India Ltd"},{"rating__rating":"CRISIL A1+","instrument":"Commercial Paper","rating__source":"crisil","link":"http://www.crisil.com/ratings/company-wise-ratings.jsp?txtSearch=Dabur India Ltd"},{"rating__rating":"[ICRA]AAA (stable)","instrument":"Corporate Debt Rating-Long Term","rating__source":"icra","link":"http://icra.in/search.aspx?word=Dabur India Ltd"},{"rating__rating":"CRISIL AAA(Stable)","instrument":"Long-Term Bank Facility","rating__source":"crisil","link":"http://www.crisil.com/ratings/company-wise-ratings.jsp?txtSearch=Dabur India Ltd"},{"rating__rating":"CRISIL AAA(Stable)","instrument":"Non Convertible Debenture","rating__source":"crisil","link":"http://www.crisil.com/ratings/company-wise-ratings.jsp?txtSearch=Dabur India Ltd"}],"annualreport_set":[{"source":"bse","report_date":2017,"link":"http://www.bseindia.com/bseplus/AnnualReport/500096/5000960317.pdf"},{"source":"bse","report_date":2016,"link":"http://www.bseindia.com/bseplus/AnnualReport/500096/5000960316.pdf"},{"source":"bse","report_date":2015,"link":"http://www.bseindia.com/bseplus/AnnualReport/500096/5000960315.pdf"},{"source":"bse","report_date":2014,"link":"http://www.bseindia.com/bseplus/AnnualReport/500096/5000960314.pdf"},{"source":"bse","report_date":2013,"link":"http://www.bseindia.com/bseplus/annualreport/500096/5000960313.pdf"},{"source":"bse","report_date":2012,"link":"http://www.bseindia.com/bseplus/annualreport/500096/5000960312.pdf"},{"source":"nse","report_date":2012,"link":"http://nseindia.com/annual_reports/AR_DABUR_2011_2012_22062012122524.zip"},{"source":"bse","report_date":2011,"link":"http://www.bseindia.com/bseplus/annualreport/500096/5000960311.pdf"},{"source":"bse","report_date":2010,"link":"http://www.bseindia.com/bseplus/annualreport/500096/5000960310.pdf"},{"source":"nse","report_date":2010,"link":"http://nseindia.com/annual_reports/AR_DABUR_2009_2010_25082010120000.zip"}],"announcement_set":[{"ann_date":"06 Apr 2018","announcement":"Announcement under Regulation 30 (LODR)-Analyst / Investor Meet - Intimation","link":"https://www.bseindia.com/corporates/anndet_new.aspx?newsid=b5031bcc-4242-433d-86de-e66abab14f52"},{"ann_date":"06 Apr 2018","announcement":"Compliance Certificate-  31St March,2018","link":"https://www.bseindia.com/corporates/anndet_new.aspx?newsid=ee102e90-b64a-4c90-88c0-a185cc79e8ec"},{"ann_date":"06 Apr 2018","announcement":"Announcement under Regulation 30 (LODR)-Acquisition","link":"https://www.bseindia.com/corporates/anndet_new.aspx?newsid=cf5d9ed8-debd-4c74-8b0a-24a7820bc4f5"},{"ann_date":"05 Apr 2018","announcement":"Announcement under Regulation 30 (LODR)-Newspaper Publication","link":"https://www.bseindia.com/corporates/anndet_new.aspx?newsid=604de486-664e-45c5-9a78-0bc70218533f"},{"ann_date":"04 Apr 2018","announcement":"Statement Of Investor Complaints For The Quarter Ended March 2018","link":"https://www.bseindia.com/corporates/anndet_new.aspx?newsid=c1c2f2a5-c6a8-48aa-98ec-3b440171b299"}],"warehouse_set":{"high_price":368.6,"low_price":265.0,"sales_growth":3.1,"current_price":342.85,"dividend_yield":0.66,"face_value":1.0,"id":962,"sales_growth_3years":3.31,"profit_growth_5years":14.15,"average_return_on_equity_3years":32.2,"book_value":24.84,"status":"Active","pair_url":"/company/DABUR/consolidated","sales_growth_10years":11.09,"average_return_on_equity_10years":38.19,"profit_growth":3.81,"market_capitalization":60393.73,"profit_growth_10years":13.35,"price_to_earning":58.53,"industry":"Personal Products","analysis":{"remarks":[],"bad":["Stock is trading at 13.80 times its book value","The company has delivered a poor growth of 7.40% over past five years."],"good":["Company is virtually debt free.","Company has a good return on equity (ROE) track record: 3 Years ROE 32.20%","Company has been maintaining a healthy dividend payout of 42.38%"]},"result_type":"sa","profit_growth_3years":13.13,"sales_growth_5years":7.4,"return_on_equity":28.29,"average_return_on_equity_5years":34.12},"id":757,"name":"Dabur India Ltd"}
