{"prime":"sa","number_set":{"balancesheet":[["Share Capital",{"2008-03-31":67.52,"2016-03-31":291.8,"2014-03-31":128.42,"2011-03-31":104.43,"2015-03-31":145.68,"2013-03-31":128.22,"2006-03-31":67.79,"2012-03-31":116.84,"2017-03-31":313.15,"2010-03-31":85.03,"2009-03-31":63.52,"2007-03-31":74.29}],["Reserves",{"2008-03-31":377.55,"2016-03-31":4600.2,"2014-03-31":3446.54,"2011-03-31":1444.0,"2015-03-31":4490.1,"2013-03-31":3108.87,"2006-03-31":200.37,"2012-03-31":1915.88,"2017-03-31":7682.65,"2010-03-31":788.41,"2009-03-31":394.02,"2007-03-31":288.49}],["Borrowings",{"2008-03-31":3969.43,"2016-03-31":61049.56,"2014-03-31":39457.24,"2011-03-31":14847.72,"2015-03-31":48880.76,"2013-03-31":32040.29,"2006-03-31":2269.6,"2012-03-31":19148.46,"2017-03-31":81264.5,"2010-03-31":8926.79,"2009-03-31":5876.38,"2007-03-31":3214.7}],["Other Liabilities",{"2008-03-31":81.78,"2016-03-31":2115.4,"2014-03-31":897.54,"2011-03-31":295.67,"2015-03-31":1121.36,"2013-03-31":572.7,"2006-03-31":65.81,"2012-03-31":374.67,"2017-03-31":3282.16,"2010-03-31":153.65,"2009-03-31":185.45,"2007-03-31":85.72}],["Total Liabilities",{"2008-03-31":4489.28,"2016-03-31":68056.96,"2014-03-31":43929.74,"2011-03-31":16691.82,"2015-03-31":54637.9,"2013-03-31":35850.08,"2006-03-31":2585.9,"2012-03-31":21555.85,"2017-03-31":92542.46,"2010-03-31":9950.88,"2009-03-31":6516.37,"2007-03-31":3639.03}],["Fixed Assets",{"2008-03-31":41.18,"2016-03-31":201.71,"2014-03-31":191.58,"2011-03-31":56.17,"2015-03-31":188.45,"2013-03-31":179.22,"2006-03-31":39.9,"2012-03-31":64.22,"2017-03-31":208.9,"2010-03-31":49.1,"2009-03-31":45.34,"2007-03-31":40.05}],["CWIP",{"2008-03-31":4.5,"2016-03-31":578.81,"2014-03-31":796.15,"2011-03-31":166.08,"2015-03-31":796.15,"2013-03-31":258.71,"2006-03-31":4.5,"2012-03-31":182.26,"2017-03-31":633.77,"2010-03-31":167.39,"2009-03-31":4.5,"2007-03-31":4.5}],["Investments",{"2008-03-31":102.53,"2016-03-31":893.2,"2014-03-31":721.49,"2011-03-31":870.67,"2015-03-31":1006.22,"2013-03-31":275.02,"2006-03-31":96.84,"2012-03-31":462.75,"2017-03-31":13534.9,"2010-03-31":131.38,"2009-03-31":108.51,"2007-03-31":96.32}],["Other Assets",{"2008-03-31":4341.07,"2016-03-31":66383.24,"2014-03-31":42220.52,"2011-03-31":15598.9,"2015-03-31":52647.08,"2013-03-31":35137.13,"2006-03-31":2444.66,"2012-03-31":20846.62,"2017-03-31":78164.89,"2010-03-31":9603.01,"2009-03-31":6358.02,"2007-03-31":3498.16}],["Total Assets",{"2008-03-31":4489.28,"2016-03-31":68056.96,"2014-03-31":43929.74,"2011-03-31":16691.82,"2015-03-31":54637.9,"2013-03-31":35850.08,"2006-03-31":2585.9,"2012-03-31":21555.85,"2017-03-31":92542.46,"2010-03-31":9950.88,"2009-03-31":6516.37,"2007-03-31":3639.03}]],"annual":[["Sales",{"2008-03-31":521.48,"2016-03-31":7295.1,"2014-03-31":4965.58,"2011-03-31":1449.35,"2015-03-31":5978.96,"2013-03-31":4061.22,"2006-03-31":225.56,"2012-03-31":2467.76,"2017-03-31":10821.19,"2010-03-31":990.55,"2009-03-31":690.57,"2007-03-31":330.39}],["Expenses",{"2008-03-31":48.45,"2016-03-31":683.49,"2014-03-31":439.08,"2011-03-31":168.33,"2015-03-31":553.49,"2013-03-31":340.44,"2006-03-31":null,"2012-03-31":267.37,"2017-03-31":777.93,"2010-03-31":116.0,"2009-03-31":70.29,"2007-03-31":null}],["Operating Profit",{"2008-03-31":473.03,"2016-03-31":6611.61,"2014-03-31":4526.5,"2011-03-31":1281.02,"2015-03-31":5425.47,"2013-03-31":3720.78,"2006-03-31":null,"2012-03-31":2200.39,"2017-03-31":10043.26,"2010-03-31":874.55,"2009-03-31":620.28,"2007-03-31":null}],["OPM",{"2008-03-31":90.71,"2016-03-31":90.63,"2014-03-31":91.16,"2011-03-31":88.39,"2015-03-31":90.74,"2013-03-31":91.62,"2006-03-31":null,"2012-03-31":89.17,"2017-03-31":92.81,"2010-03-31":88.29,"2009-03-31":89.82,"2007-03-31":null}],["Other Income",{"2008-03-31":1.95,"2016-03-31":4.89,"2014-03-31":2.1,"2011-03-31":37.32,"2015-03-31":2.68,"2013-03-31":17.72,"2006-03-31":6.23,"2012-03-31":1.92,"2017-03-31":5.47,"2010-03-31":2.0,"2009-03-31":1.89,"2007-03-31":1.91}],["Interest",{"2008-03-31":367.12,"2016-03-31":5490.03,"2014-03-31":3782.58,"2011-03-31":973.13,"2015-03-31":4459.59,"2013-03-31":3119.36,"2006-03-31":150.07,"2012-03-31":1799.23,"2017-03-31":6653.61,"2010-03-31":671.53,"2009-03-31":495.64,"2007-03-31":234.3}],["Depreciation",{"2008-03-31":2.13,"2016-03-31":24.3,"2014-03-31":10.91,"2011-03-31":3.73,"2015-03-31":25.52,"2013-03-31":8.46,"2006-03-31":1.48,"2012-03-31":4.72,"2017-03-31":23.3,"2010-03-31":2.83,"2009-03-31":2.41,"2007-03-31":1.95}],["Profit before tax",{"2008-03-31":105.73,"2016-03-31":1102.17,"2014-03-31":735.11,"2011-03-31":341.48,"2015-03-31":943.04,"2013-03-31":610.68,"2006-03-31":49.99,"2012-03-31":398.36,"2017-03-31":3371.82,"2010-03-31":202.19,"2009-03-31":124.12,"2007-03-31":59.46}],["Tax",{"2008-03-31":23.15,"2016-03-31":372.97,"2014-03-31":206.11,"2011-03-31":76.35,"2015-03-31":321.75,"2013-03-31":158.83,"2006-03-31":8.28,"2012-03-31":92.0,"2017-03-31":475.37,"2010-03-31":51.5,"2009-03-31":32.35,"2007-03-31":11.06}],["Net Profit",{"2008-03-31":82.58,"2016-03-31":729.2,"2014-03-31":529.0,"2011-03-31":265.13,"2015-03-31":621.29,"2013-03-31":451.85,"2006-03-31":41.71,"2012-03-31":306.36,"2017-03-31":2896.45,"2010-03-31":150.69,"2009-03-31":91.77,"2007-03-31":48.4}],["EPS (unadj)",{"2008-03-31":13.08,"2016-03-31":23.36,"2014-03-31":39.83,"2011-03-31":24.68,"2015-03-31":41.54,"2013-03-31":34.46,"2006-03-31":7.97,"2012-03-31":25.66,"2017-03-31":92.29,"2010-03-31":17.75,"2009-03-31":14.73,"2007-03-31":8.8}],["Dividend Payout",{"2008-03-31":18.53,"2016-03-31":32.01,"2014-03-31":19.42,"2011-03-31":13.79,"2015-03-31":14.07,"2013-03-31":14.19,"2006-03-31":30.46,"2012-03-31":13.35,"2017-03-31":4.32,"2010-03-31":16.48,"2009-03-31":16.68,"2007-03-31":26.25}]],"cashflow":[["Cash from Operating Activity",{"2008-03-31":51.63,"2016-03-31":-13139.43,"2014-03-31":-8879.19,"2011-03-31":114.15,"2015-03-31":-12456.9,"2013-03-31":566.31,"2006-03-31":35.68,"2012-03-31":229.69,"2017-03-31":-15747.62,"2010-03-31":114.24,"2009-03-31":86.39,"2007-03-31":43.27}],["Cash from Investing Activity",{"2008-03-31":40.53,"2016-03-31":504.56,"2014-03-31":-714.88,"2011-03-31":-676.23,"2015-03-31":-505.97,"2013-03-31":-60.5,"2006-03-31":21.78,"2012-03-31":466.29,"2017-03-31":-10442.08,"2010-03-31":-166.36,"2009-03-31":1.14,"2007-03-31":6.76}],["Cash from Financing Activity",{"2008-03-31":-115.49,"2016-03-31":15415.54,"2014-03-31":10064.69,"2011-03-31":993.53,"2015-03-31":12467.67,"2013-03-31":-694.89,"2006-03-31":-18.87,"2012-03-31":-874.17,"2017-03-31":26043.89,"2010-03-31":316.96,"2009-03-31":258.71,"2007-03-31":-22.04}],["Net Cash Flow",{"2008-03-31":-23.33,"2016-03-31":2780.67,"2014-03-31":470.62,"2011-03-31":431.45,"2015-03-31":-495.2,"2013-03-31":-189.08,"2006-03-31":38.59,"2012-03-31":-178.19,"2017-03-31":-145.81,"2010-03-31":264.84,"2009-03-31":346.24,"2007-03-31":27.99}]],"quarters":[["Sales",{"2016-06-30":1954.52,"2016-12-31":2361.57,"2017-03-31":2375.36,"2017-06-30":2406.58,"2015-06-30":1652.24,"2015-03-31":1580.81,"2017-09-30":2610.04,"2015-12-31":1884.37,"2016-03-31":1957.94,"2017-12-31":2631.6,"2016-09-30":2160.31,"2015-09-30":1810.73}],["Expenses",{"2016-06-30":170.93,"2016-12-31":184.04,"2017-03-31":251.26,"2017-06-30":233.56,"2015-06-30":151.85,"2015-03-31":151.29,"2017-09-30":270.51,"2015-12-31":178.33,"2016-03-31":193.37,"2017-12-31":270.78,"2016-09-30":171.69,"2015-09-30":170.1}],["Operating Profit",{"2016-06-30":1783.59,"2016-12-31":2177.53,"2017-03-31":2124.1,"2017-06-30":2173.02,"2015-06-30":1500.39,"2015-03-31":1429.52,"2017-09-30":2339.53,"2015-12-31":1706.04,"2016-03-31":1764.57,"2017-12-31":2360.82,"2016-09-30":1988.62,"2015-09-30":1640.63}],["OPM",{"2016-06-30":91.25,"2016-12-31":92.21,"2017-03-31":89.42,"2017-06-30":90.29,"2015-06-30":90.81,"2015-03-31":90.43,"2017-09-30":89.64,"2015-12-31":90.54,"2016-03-31":90.12,"2017-12-31":89.71,"2016-09-30":92.05,"2015-09-30":90.61}],["Other Income",{"2016-06-30":1.04,"2016-12-31":1.02,"2017-03-31":1971.77,"2017-06-30":1.2,"2015-06-30":0.94,"2015-03-31":1.67,"2017-09-30":4.21,"2015-12-31":0.96,"2016-03-31":2.08,"2017-12-31":2.64,"2016-09-30":1.07,"2015-09-30":0.91}],["Depreciation",{"2016-06-30":6.36,"2016-12-31":6.71,"2017-03-31":3.42,"2017-06-30":6.4,"2015-06-30":5.7,"2015-03-31":4.73,"2017-09-30":6.25,"2015-12-31":6.83,"2016-03-31":5.05,"2017-12-31":7.29,"2016-09-30":6.8,"2015-09-30":6.72}],["Interest",{"2016-06-30":1475.37,"2016-12-31":1800.13,"2017-03-31":1747.45,"2017-06-30":1786.87,"2015-06-30":1234.28,"2015-03-31":1175.38,"2017-09-30":1903.42,"2015-12-31":1419.71,"2016-03-31":1478.56,"2017-12-31":1894.43,"2016-09-30":1630.66,"2015-09-30":1357.48}],["Profit before tax",{"2016-06-30":302.9,"2016-12-31":371.71,"2017-03-31":2345.0,"2017-06-30":380.95,"2015-06-30":261.35,"2015-03-31":251.08,"2017-09-30":434.07,"2015-12-31":280.46,"2016-03-31":283.04,"2017-12-31":461.74,"2016-09-30":352.23,"2015-09-30":277.34}],["Tax",{"2016-06-30":101.5,"2016-12-31":126.94,"2017-03-31":127.32,"2017-06-30":120.47,"2015-06-30":88.07,"2015-03-31":88.8,"2017-09-30":140.77,"2015-12-31":94.55,"2016-03-31":93.38,"2017-12-31":155.79,"2016-09-30":119.61,"2015-09-30":96.97}],["Net Profit",{"2016-06-30":201.4,"2016-12-31":244.77,"2017-03-31":2217.68,"2017-06-30":260.48,"2015-06-30":173.28,"2015-03-31":162.28,"2017-09-30":293.3,"2015-12-31":185.91,"2016-03-31":189.66,"2017-12-31":305.95,"2016-09-30":232.62,"2015-09-30":180.37}]]},"bse_code":"511072","short_name":"Dewan Hsg. Fin.","nse_code":"DHFL","companyrating_set":[{"rating__rating":"CARE AAA","instrument":"Bank FacilitiesFund Based - LT","rating__source":"care","link":"http://google.com/search?btnI=1&q=Dewan Housing Finance Corporation Ltd+site:careratings.com"},{"rating__rating":"CARE AAA","instrument":"Bank FacilitiesTerm Loan","rating__source":"care","link":"http://google.com/search?btnI=1&q=Dewan Housing Finance Corporation Ltd+site:careratings.com"},{"rating__rating":"BWR AA +(Stable)","instrument":"Innovative Perpetual Debt Instrument 300 Crore","rating__source":"brickworks","link":"http://google.com/search?btnI=1&q=Dewan Housing Finance Corporation Ltd+site:brickworkratings.com"},{"rating__rating":"CARE AAA","instrument":"LT InstrumentsDebentures","rating__source":"care","link":"http://google.com/search?btnI=1&q=Dewan Housing Finance Corporation Ltd+site:careratings.com"},{"rating__rating":"CARE AA+","instrument":"LT InstrumentsDebt","rating__source":"care","link":"http://google.com/search?btnI=1&q=Dewan Housing Finance Corporation Ltd+site:careratings.com"},{"rating__rating":"CARE AA","instrument":"LT InstrumentsDebt","rating__source":"care","link":"http://google.com/search?btnI=1&q=Dewan Housing Finance Corporation Ltd+site:careratings.com"},{"rating__rating":"CARE AAA","instrument":"LT InstrumentsLoan","rating__source":"care","link":"http://google.com/search?btnI=1&q=Dewan Housing Finance Corporation Ltd+site:careratings.com"},{"rating__rating":"BWR FAAA(Stable)","instrument":"Mobilization of Fixed Deposit  5000 Crore (Enhancement in the Limit from Rs. 1500 Cr)","rating__source":"brickworks","link":"http://google.com/search?btnI=1&q=Dewan Housing Finance Corporation Ltd+site:brickworkratings.com"},{"rating__rating":"CARE AAA (FD)","instrument":"MT InstrumentsFD","rating__source":"care","link":"http://google.com/search?btnI=1&q=Dewan Housing Finance Corporation Ltd+site:careratings.com"},{"rating__rating":"BWR AAA(Stable)","instrument":"Non Convertible Debentures  1000 Crore","rating__source":"brickworks","link":"http://google.com/search?btnI=1&q=Dewan Housing Finance Corporation Ltd+site:brickworkratings.com"},{"rating__rating":"BWR AAA(Stable)","instrument":"Proposed Long Term NCD  500 Crore","rating__source":"brickworks","link":"http://google.com/search?btnI=1&q=Dewan Housing Finance Corporation Ltd+site:brickworkratings.com"},{"rating__rating":"BWR AAA(Stable)","instrument":"Proposed Long Term NCD  650 Crore","rating__source":"brickworks","link":"http://google.com/search?btnI=1&q=Dewan Housing Finance Corporation Ltd+site:brickworkratings.com"},{"rating__rating":"BWR AAA(Stable)","instrument":"Proposed Long Term NCD  750 Crore","rating__source":"brickworks","link":"http://google.com/search?btnI=1&q=Dewan Housing Finance Corporation Ltd+site:brickworkratings.com"},{"rating__rating":"BWR AAA(Stable)","instrument":"Proposed Secured Non Convertible Debentures  500 Crore","rating__source":"brickworks","link":"http://google.com/search?btnI=1&q=Dewan Housing Finance Corporation Ltd+site:brickworkratings.com"},{"rating__rating":"BWR AAA(Stable)","instrument":"Secured Non Convertible Debentures 500 Crore","rating__source":"brickworks","link":"http://google.com/search?btnI=1&q=Dewan Housing Finance Corporation Ltd+site:brickworkratings.com"},{"rating__rating":"CRISIL A1+","instrument":"Short Term Debt","rating__source":"crisil","link":"http://www.crisil.com/ratings/company-wise-ratings.jsp?txtSearch=Dewan Housing Finance Corporation Ltd"},{"rating__rating":"CRISIL AA(SO)","instrument":"Structured Debt Obligation","rating__source":"crisil","link":"http://www.crisil.com/ratings/company-wise-ratings.jsp?txtSearch=Dewan Housing Finance Corporation Ltd"},{"rating__rating":"CRISIL AAA(SO)","instrument":"Structured Debt Obligation","rating__source":"crisil","link":"http://www.crisil.com/ratings/company-wise-ratings.jsp?txtSearch=Dewan Housing Finance Corporation Ltd"},{"rating__rating":"BWR AAA(Stable)","instrument":"Subordinated Debt  150 Crore","rating__source":"brickworks","link":"http://google.com/search?btnI=1&q=Dewan Housing Finance Corporation Ltd+site:brickworkratings.com"},{"rating__rating":"BWR AAA(Stable)","instrument":"Subordinated Debt  200 Crore","rating__source":"brickworks","link":"http://google.com/search?btnI=1&q=Dewan Housing Finance Corporation Ltd+site:brickworkratings.com"},{"rating__rating":"BWR AAA(Stable)","instrument":"Subordinated Debt  250 Crore","rating__source":"brickworks","link":"http://google.com/search?btnI=1&q=Dewan Housing Finance Corporation Ltd+site:brickworkratings.com"},{"rating__rating":"BWR AAA(Stable)","instrument":"Subordinated Debt  400 Crore","rating__source":"brickworks","link":"http://google.com/search?btnI=1&q=Dewan Housing Finance Corporation Ltd+site:brickworkratings.com"}],"annualreport_set":[{"source":"bse","report_date":2017,"link":"http://www.bseindia.com/bseplus/AnnualReport/511072/5110720317.pdf"},{"source":"bse","report_date":2016,"link":"http://www.bseindia.com/bseplus/AnnualReport/511072/5110720316.pdf"},{"source":"bse","report_date":2015,"link":"http://www.bseindia.com/bseplus/AnnualReport/511072/5110720315.pdf"},{"source":"bse","report_date":2014,"link":"http://www.bseindia.com/bseplus/AnnualReport/511072/5110720314.pdf"},{"source":"bse","report_date":2013,"link":"http://www.bseindia.com/bseplus/annualreport/511072/5110720313.pdf"},{"source":"bse","report_date":2012,"link":"http://www.bseindia.com/bseplus/annualreport/511072/5110720312.pdf"},{"source":"bse","report_date":2011,"link":"http://www.bseindia.com/bseplus/annualreport/511072/5110720311.pdf"},{"source":"bse","report_date":2010,"link":"http://www.bseindia.com/bseplus/annualreport/511072/5110720310.pdf"}],"announcement_set":[{"ann_date":"06 Apr 2018","announcement":"Announcement under Regulation 30 (LODR)-Issue of Securities","link":"https://www.bseindia.com/corporates/anndet_new.aspx?newsid=1e59d11b-e41d-4d22-9f22-1ff8d4f2c9ce"},{"ann_date":"05 Apr 2018","announcement":"Payment of Interest","link":"https://www.bseindia.com/corporates/anndet_new.aspx?newsid=b19f9c24-94df-47d6-be32-f9b09a332898"},{"ann_date":"04 Apr 2018","announcement":"Payment of Interest","link":"https://www.bseindia.com/corporates/anndet_new.aspx?newsid=97b30d25-7cc8-4d89-84bf-0778031eb8ae"},{"ann_date":"03 Apr 2018","announcement":"Payment of Interest","link":"https://www.bseindia.com/corporates/anndet_new.aspx?newsid=7150709e-d0b5-4de5-b669-e638d3764791"},{"ann_date":"23 Mar 2018","announcement":"Payment of Interest","link":"https://www.bseindia.com/corporates/anndet_new.aspx?newsid=ad12636a-efc2-43e2-abc6-299a65db7fb2"}],"warehouse_set":{"high_price":679.0,"low_price":372.8,"sales_growth":18.84,"current_price":539.35,"dividend_yield":0.74,"face_value":10.0,"id":2071,"sales_growth_3years":29.64,"profit_growth_5years":36.88,"average_return_on_equity_3years":18.72,"book_value":282.33,"status":"Active","pair_url":"/company/DHFL/consolidated","sales_growth_10years":40.06,"average_return_on_equity_10years":17.98,"profit_growth":254.36,"market_capitalization":16917.19,"profit_growth_10years":37.72,"price_to_earning":13.92,"industry":"Housing Finance ","analysis":{"remarks":["Some businesses are provided tax benefits to encourage their development"],"bad":["Company has low interest coverage ratio.","Though the company is reporting regular profits, it is not paying out tax"],"good":["Company has good consistent profit growth of 36.88% over 5 years"]},"result_type":"sa","profit_growth_3years":40.58,"sales_growth_5years":34.4,"return_on_equity":22.87,"average_return_on_equity_5years":18.01},"id":799,"name":"Dewan Housing Finance Corporation Ltd"}
