{"prime":"sa","number_set":{"balancesheet":[["Share Capital",{"2008-03-31":12.91,"2016-03-31":53.09,"2014-03-31":26.55,"2011-03-31":26.52,"2015-03-31":26.55,"2013-03-31":26.55,"2006-03-31":12.82,"2012-03-31":26.55,"2017-03-31":53.09,"2010-03-31":26.43,"2009-03-31":12.95,"2007-03-31":12.91}],["Reserves",{"2008-03-31":861.07,"2016-03-31":4303.95,"2014-03-31":3007.87,"2011-03-31":1801.53,"2015-03-31":3535.41,"2013-03-31":2526.73,"2006-03-31":328.0,"2012-03-31":2148.25,"2017-03-31":5355.82,"2010-03-31":1515.65,"2009-03-31":1248.84,"2007-03-31":529.13}],["Borrowings",{"2008-03-31":86.08,"2016-03-31":42.47,"2014-03-31":18.42,"2011-03-31":23.04,"2015-03-31":26.62,"2013-03-31":33.07,"2006-03-31":150.18,"2012-03-31":55.44,"2017-03-31":35.74,"2010-03-31":32.85,"2009-03-31":52.64,"2007-03-31":153.96}],["Other Liabilities",{"2008-03-31":236.76,"2016-03-31":640.0,"2014-03-31":731.12,"2011-03-31":460.25,"2015-03-31":886.19,"2013-03-31":611.6,"2006-03-31":159.68,"2012-03-31":574.31,"2017-03-31":807.14,"2010-03-31":313.38,"2009-03-31":260.23,"2007-03-31":156.14}],["Total Liabilities",{"2008-03-31":1196.82,"2016-03-31":5039.51,"2014-03-31":3783.96,"2011-03-31":2311.34,"2015-03-31":4474.77,"2013-03-31":3197.95,"2006-03-31":650.68,"2012-03-31":2804.55,"2017-03-31":6251.79,"2010-03-31":1888.31,"2009-03-31":1574.66,"2007-03-31":852.14}],["Fixed Assets",{"2008-03-31":496.87,"2016-03-31":1438.64,"2014-03-31":1221.6,"2011-03-31":589.73,"2015-03-31":1308.73,"2013-03-31":908.5,"2006-03-31":214.78,"2012-03-31":738.19,"2017-03-31":1558.96,"2010-03-31":589.67,"2009-03-31":589.67,"2007-03-31":381.19}],["CWIP",{"2008-03-31":63.08,"2016-03-31":263.91,"2014-03-31":144.48,"2011-03-31":104.33,"2015-03-31":218.18,"2013-03-31":303.41,"2006-03-31":80.27,"2012-03-31":181.99,"2017-03-31":443.57,"2010-03-31":23.76,"2009-03-31":19.5,"2007-03-31":38.25}],["Investments",{"2008-03-31":56.15,"2016-03-31":813.04,"2014-03-31":504.69,"2011-03-31":528.46,"2015-03-31":735.82,"2013-03-31":410.63,"2006-03-31":0.4,"2012-03-31":479.86,"2017-03-31":1639.09,"2010-03-31":441.86,"2009-03-31":172.39,"2007-03-31":0.58}],["Other Assets",{"2008-03-31":580.72,"2016-03-31":2523.92,"2014-03-31":1913.19,"2011-03-31":1088.82,"2015-03-31":2212.04,"2013-03-31":1575.41,"2006-03-31":355.23,"2012-03-31":1404.51,"2017-03-31":2610.17,"2010-03-31":833.02,"2009-03-31":793.1,"2007-03-31":432.12}],["Total Assets",{"2008-03-31":1196.82,"2016-03-31":5039.51,"2014-03-31":3783.96,"2011-03-31":2311.34,"2015-03-31":4474.77,"2013-03-31":3197.95,"2006-03-31":650.68,"2012-03-31":2804.55,"2017-03-31":6251.79,"2010-03-31":1888.31,"2009-03-31":1574.66,"2007-03-31":852.14}]],"annual":[["Sales",{"2008-03-31":1033.18,"2016-03-31":3720.09,"2014-03-31":2513.97,"2011-03-31":1314.87,"2015-03-31":3084.01,"2013-03-31":2128.89,"2006-03-31":381.11,"2012-03-31":1844.93,"2017-03-31":4023.47,"2010-03-31":929.29,"2009-03-31":1190.56,"2007-03-31":724.42}],["Expenses",{"2008-03-31":616.28,"2016-03-31":2318.65,"2014-03-31":1494.24,"2011-03-31":809.45,"2015-03-31":1920.98,"2013-03-31":1306.36,"2006-03-31":264.42,"2012-03-31":1149.22,"2017-03-31":2584.62,"2010-03-31":517.42,"2009-03-31":700.18,"2007-03-31":478.42}],["Operating Profit",{"2008-03-31":416.9,"2016-03-31":1401.44,"2014-03-31":1019.73,"2011-03-31":505.42,"2015-03-31":1163.03,"2013-03-31":822.53,"2006-03-31":116.69,"2012-03-31":695.71,"2017-03-31":1438.85,"2010-03-31":411.87,"2009-03-31":490.38,"2007-03-31":246.0}],["OPM",{"2008-03-31":40.35,"2016-03-31":37.67,"2014-03-31":40.56,"2011-03-31":38.44,"2015-03-31":37.71,"2013-03-31":38.64,"2006-03-31":30.62,"2012-03-31":37.71,"2017-03-31":35.76,"2010-03-31":44.32,"2009-03-31":41.19,"2007-03-31":33.96}],["Other Income",{"2008-03-31":13.61,"2016-03-31":95.92,"2014-03-31":83.9,"2011-03-31":29.23,"2015-03-31":42.84,"2013-03-31":48.51,"2006-03-31":10.62,"2012-03-31":65.76,"2017-03-31":75.98,"2010-03-31":30.69,"2009-03-31":23.01,"2007-03-31":13.61}],["Interest",{"2008-03-31":10.18,"2016-03-31":3.95,"2014-03-31":2.93,"2011-03-31":2.24,"2015-03-31":2.85,"2013-03-31":2.56,"2006-03-31":5.58,"2012-03-31":4.58,"2017-03-31":3.34,"2010-03-31":2.76,"2009-03-31":7.22,"2007-03-31":10.57}],["Depreciation",{"2008-03-31":35.65,"2016-03-31":118.1,"2014-03-31":92.06,"2011-03-31":53.35,"2015-03-31":135.85,"2013-03-31":76.9,"2006-03-31":14.82,"2012-03-31":62.03,"2017-03-31":123.26,"2010-03-31":51.45,"2009-03-31":47.82,"2007-03-31":22.33}],["Profit before tax",{"2008-03-31":384.68,"2016-03-31":1375.29,"2014-03-31":1008.64,"2011-03-31":479.06,"2015-03-31":1067.18,"2013-03-31":791.58,"2006-03-31":106.91,"2012-03-31":694.86,"2017-03-31":1388.23,"2010-03-31":388.35,"2009-03-31":458.35,"2007-03-31":226.71}],["Tax",{"2008-03-31":31.13,"2016-03-31":264.45,"2014-03-31":216.92,"2011-03-31":43.49,"2015-03-31":220.12,"2013-03-31":180.16,"2006-03-31":36.44,"2012-03-31":148.89,"2017-03-31":334.96,"2010-03-31":44.14,"2009-03-31":33.89,"2007-03-31":34.96}],["Net Profit",{"2008-03-31":353.55,"2016-03-31":1110.84,"2014-03-31":791.72,"2011-03-31":435.57,"2015-03-31":847.06,"2013-03-31":611.42,"2006-03-31":70.47,"2012-03-31":545.97,"2017-03-31":1053.27,"2010-03-31":344.21,"2009-03-31":424.46,"2007-03-31":191.75}],["EPS (unadj)",{"2008-03-31":54.09,"2016-03-31":41.84,"2014-03-31":56.25,"2011-03-31":31.23,"2015-03-31":59.74,"2013-03-31":43.51,"2006-03-31":53.56,"2012-03-31":39.02,"2017-03-31":39.68,"2010-03-31":25.05,"2009-03-31":64.53,"2007-03-31":147.13}],["Dividend Payout",{"2008-03-31":7.35,"2016-03-31":23.9,"2014-03-31":33.53,"2011-03-31":30.44,"2015-03-31":31.34,"2013-03-31":32.56,"2006-03-31":18.45,"2012-03-31":31.61,"2017-03-31":25.2,"2010-03-31":23.03,"2009-03-31":9.19,"2007-03-31":6.78}]],"cashflow":[["Cash from Operating Activity",{"2008-03-31":302.11,"2016-03-31":1036.34,"2014-03-31":558.15,"2011-03-31":325.96,"2015-03-31":822.44,"2013-03-31":482.83,"2006-03-31":49.9,"2012-03-31":334.05,"2017-03-31":1148.05,"2010-03-31":367.67,"2009-03-31":300.79,"2007-03-31":189.56}],["Cash from Investing Activity",{"2008-03-31":-235.48,"2016-03-31":-411.16,"2014-03-31":-305.08,"2011-03-31":-221.99,"2015-03-31":-520.77,"2013-03-31":-254.49,"2006-03-31":-112.29,"2012-03-31":-204.35,"2017-03-31":-1134.08,"2010-03-31":-317.18,"2009-03-31":-217.39,"2007-03-31":-158.25}],["Cash from Financing Activity",{"2008-03-31":-65.08,"2016-03-31":-630.34,"2014-03-31":-248.5,"2011-03-31":-104.16,"2015-03-31":-302.95,"2013-03-31":-230.76,"2006-03-31":68.07,"2012-03-31":-131.11,"2017-03-31":-9.31,"2010-03-31":-47.6,"2009-03-31":-82.31,"2007-03-31":-34.5}],["Net Cash Flow",{"2008-03-31":1.55,"2016-03-31":-5.17,"2014-03-31":4.57,"2011-03-31":-0.19,"2015-03-31":-1.28,"2013-03-31":-2.42,"2006-03-31":5.68,"2012-03-31":-1.41,"2017-03-31":4.66,"2010-03-31":2.89,"2009-03-31":1.09,"2007-03-31":-3.19}]],"quarters":[["Sales",{"2016-06-30":1017.19,"2016-12-31":976.48,"2017-03-31":1066.67,"2017-06-30":821.2,"2015-06-30":808.76,"2015-03-31":817.09,"2017-09-30":890.2,"2015-12-31":859.75,"2016-03-31":1103.39,"2017-12-31":1037.88,"2016-09-30":1005.43,"2015-09-30":964.32}],["Expenses",{"2016-06-30":613.44,"2016-12-31":598.92,"2017-03-31":704.67,"2017-06-30":576.38,"2015-06-30":506.92,"2015-03-31":501.97,"2017-09-30":613.0,"2015-12-31":536.27,"2016-03-31":704.18,"2017-12-31":711.74,"2016-09-30":714.22,"2015-09-30":588.17}],["Operating Profit",{"2016-06-30":403.75,"2016-12-31":377.56,"2017-03-31":362.0,"2017-06-30":244.82,"2015-06-30":301.84,"2015-03-31":315.12,"2017-09-30":277.2,"2015-12-31":323.48,"2016-03-31":399.21,"2017-12-31":326.14,"2016-09-30":291.21,"2015-09-30":376.15}],["OPM",{"2016-06-30":39.69,"2016-12-31":38.67,"2017-03-31":33.94,"2017-06-30":29.81,"2015-06-30":37.32,"2015-03-31":38.57,"2017-09-30":31.14,"2015-12-31":37.62,"2016-03-31":36.18,"2017-12-31":31.42,"2016-09-30":28.96,"2015-09-30":39.01}],["Other Income",{"2016-06-30":16.31,"2016-12-31":21.71,"2017-03-31":20.93,"2017-06-30":29.68,"2015-06-30":34.17,"2015-03-31":12.54,"2017-09-30":33.59,"2015-12-31":14.23,"2016-03-31":17.32,"2017-12-31":17.01,"2016-09-30":20.27,"2015-09-30":30.0}],["Depreciation",{"2016-06-30":30.12,"2016-12-31":30.95,"2017-03-31":31.44,"2017-06-30":32.31,"2015-06-30":28.92,"2015-03-31":44.54,"2017-09-30":33.93,"2015-12-31":29.88,"2016-03-31":29.23,"2017-12-31":37.39,"2016-09-30":30.75,"2015-09-30":30.07}],["Interest",{"2016-06-30":0.38,"2016-12-31":0.44,"2017-03-31":1.04,"2017-06-30":0.49,"2015-06-30":0.22,"2015-03-31":0.59,"2017-09-30":0.75,"2015-12-31":0.23,"2016-03-31":2.22,"2017-12-31":0.26,"2016-09-30":0.39,"2015-09-30":0.34}],["Profit before tax",{"2016-06-30":389.56,"2016-12-31":367.88,"2017-03-31":350.45,"2017-06-30":241.7,"2015-06-30":306.87,"2015-03-31":282.53,"2017-09-30":276.11,"2015-12-31":307.6,"2016-03-31":385.08,"2017-12-31":305.5,"2016-09-30":280.34,"2015-09-30":375.74}],["Tax",{"2016-06-30":87.75,"2016-12-31":99.56,"2017-03-31":91.16,"2017-06-30":65.16,"2015-06-30":61.69,"2015-03-31":53.62,"2017-09-30":69.33,"2015-12-31":60.84,"2016-03-31":63.08,"2017-12-31":80.84,"2016-09-30":56.49,"2015-09-30":78.84}],["Net Profit",{"2016-06-30":301.81,"2016-12-31":268.32,"2017-03-31":259.29,"2017-06-30":176.54,"2015-06-30":245.18,"2015-03-31":228.91,"2017-09-30":206.78,"2015-12-31":246.76,"2016-03-31":322.0,"2017-12-31":224.66,"2016-09-30":223.85,"2015-09-30":296.9}]]},"bse_code":"532488","short_name":"Divi's Lab.","nse_code":"DIVISLAB","companyrating_set":[{"rating__rating":"CARE AA+","instrument":"Bank FacilitiesFund Based - LT","rating__source":"care","link":"http://google.com/search?btnI=1&q=Divi's Laboratories Ltd+site:careratings.com"},{"rating__rating":"CARE AA+ / CARE A1+","instrument":"Bank FacilitiesNon-Fund Based - LT/ ST","rating__source":"care","link":"http://google.com/search?btnI=1&q=Divi's Laboratories Ltd+site:careratings.com"}],"annualreport_set":[{"source":"bse","report_date":2017,"link":"http://www.bseindia.com/bseplus/AnnualReport/532488/5324880317.pdf"},{"source":"bse","report_date":2016,"link":"http://www.bseindia.com/bseplus/AnnualReport/532488/5324880316.pdf"},{"source":"bse","report_date":2015,"link":"http://www.bseindia.com/bseplus/AnnualReport/532488/5324880315.pdf"},{"source":"bse","report_date":2014,"link":"http://www.bseindia.com/bseplus/AnnualReport/532488/5324880314.pdf"},{"source":"bse","report_date":2013,"link":"http://www.bseindia.com/bseplus/annualreport/532488/5324880313.pdf"},{"source":"nse","report_date":2013,"link":"http://nseindia.com/annual_reports/AR_412_DIVISLAB_2012_2013_11072013110311.zip"},{"source":"nse","report_date":2012,"link":"http://nseindia.com/annual_reports/AR_DIVISLAB_2011_2012_17072012100526.zip"},{"source":"bse","report_date":2011,"link":"http://www.bseindia.com/bseplus/annualreport/532488/5324880311.pdf"},{"source":"nse","report_date":2011,"link":"http://nseindia.com/annual_reports/AR_DIVISLAB_2010_2011_09092011023131.zip"},{"source":"bse","report_date":2010,"link":"http://www.bseindia.com/bseplus/annualreport/532488/5324880310.pdf"},{"source":"nse","report_date":2010,"link":"http://nseindia.com/annual_reports/AR_DIVISLAB_2009_2010_18082010121500.zip"},{"source":"nse","report_date":2009,"link":"http://nseindia.com/annual_reports/AR_DIVISLAB_2008_2009_22092009131500.zip"},{"source":"nse","report_date":2009,"link":"http://nseindia.com/annual_reports/AR_DIVISLAB_2008_2009_09102009110203.zip"}],"announcement_set":[{"ann_date":"07 Apr 2018","announcement":"Compliance Certificate For The Period Ended 31St March 2018","link":"https://www.bseindia.com/corporates/anndet_new.aspx?newsid=6ba055ad-802c-452d-85d6-5e7916e61bb2"},{"ann_date":"06 Apr 2018","announcement":"Compliance Certificate Under Regualtion 40(10)Of SEBI Listing Regulations","link":"https://www.bseindia.com/corporates/anndet_new.aspx?newsid=8d640199-c9ab-43b5-b13c-e71a08fbdac4"},{"ann_date":"27 Jan 2018","announcement":"Financial Results For December 31, 2017","link":"http://www.bseindia.com/corporates/anndet_new.aspx?newsid=46474c8f-3c07-4ca7-979b-165b46509f95"},{"ann_date":"18 Jan 2018","announcement":"Board Meeting On January 27, 2018","link":"http://www.bseindia.com/corporates/anndet_new.aspx?newsid=f3f7fd53-6340-4fec-bd42-f3f6c3219f88"},{"ann_date":"10 Jan 2018","announcement":"Statement Of Investor Complaints For The Quarter Ended 31St December 2017.","link":"http://www.bseindia.com/corporates/anndet_new.aspx?newsid=81904c33-4207-49cf-a8db-8f601ebb74c3"}],"warehouse_set":{"high_price":1142.0,"low_price":532.65,"sales_growth":-6.98,"current_price":1114.25,"dividend_yield":0.9,"face_value":2.0,"id":1055,"sales_growth_3years":16.97,"profit_growth_5years":14.04,"average_return_on_equity_3years":24.86,"book_value":226.65,"status":"Active","pair_url":"/company/DIVISLAB/consolidated","sales_growth_10years":16.3,"average_return_on_equity_10years":26.38,"profit_growth":-22.29,"market_capitalization":29579.84,"profit_growth_10years":12.89,"price_to_earning":34.11,"industry":"Pharmaceuticals","analysis":{"remarks":[],"bad":[],"good":["Company is virtually debt free.","Company has a good return on equity (ROE) track record: 3 Years ROE 24.86%","Company has been maintaining a healthy dividend payout of 26.45%"]},"result_type":"sa","profit_growth_3years":9.89,"sales_growth_5years":16.88,"return_on_equity":21.57,"average_return_on_equity_5years":25.57},"id":837,"name":"Divi's Laboratories Ltd"}
