{"prime":"con","number_set":{"balancesheet":[["Share Capital",{"2008-03-31":340.96,"2016-03-31":356.74,"2014-03-31":356.29,"2011-03-31":339.51,"2015-03-31":356.39,"2013-03-31":339.74,"2006-03-31":37.77,"2012-03-31":339.68,"2017-03-31":356.8,"2010-03-31":339.48,"2009-03-31":339.44,"2007-03-31":305.88}],["Reserves",{"2008-03-31":10928.19,"2016-03-31":13761.23,"2014-03-31":16287.23,"2011-03-31":13470.98,"2015-03-31":16873.0,"2013-03-31":14274.46,"2006-03-31":607.16,"2012-03-31":14156.88,"2017-03-31":14346.58,"2010-03-31":12490.53,"2009-03-31":12035.39,"2007-03-31":346.92}],["Borrowings",{"2008-03-31":8386.4,"2016-03-31":9380.71,"2014-03-31":13899.87,"2011-03-31":18281.2,"2015-03-31":12058.32,"2013-03-31":15737.48,"2006-03-31":3013.92,"2012-03-31":15955.11,"2017-03-31":9082.56,"2010-03-31":12637.85,"2009-03-31":9614.97,"2007-03-31":6769.29}],["Other Liabilities",{"2008-03-31":3786.38,"2016-03-31":6221.75,"2014-03-31":7086.05,"2011-03-31":2695.61,"2015-03-31":6731.22,"2013-03-31":6650.62,"2006-03-31":1367.84,"2012-03-31":5637.62,"2017-03-31":5349.8,"2010-03-31":3483.03,"2009-03-31":3158.4,"2007-03-31":3782.93}],["Total Liabilities",{"2008-03-31":23441.93,"2016-03-31":29720.43,"2014-03-31":37629.44,"2011-03-31":34787.3,"2015-03-31":36018.93,"2013-03-31":37002.3,"2006-03-31":5026.69,"2012-03-31":36089.29,"2017-03-31":29135.74,"2010-03-31":28950.89,"2009-03-31":25148.2,"2007-03-31":11205.02}],["Fixed Assets",{"2008-03-31":1474.37,"2016-03-31":603.28,"2014-03-31":1604.07,"2011-03-31":1743.1,"2015-03-31":1605.07,"2013-03-31":2027.07,"2006-03-31":79.67,"2012-03-31":1969.31,"2017-03-31":527.72,"2010-03-31":1729.02,"2009-03-31":1815.53,"2007-03-31":328.57}],["CWIP",{"2008-03-31":1781.79,"2016-03-31":27.99,"2014-03-31":1805.42,"2011-03-31":2183.78,"2015-03-31":2490.9,"2013-03-31":2542.55,"2006-03-31":456.73,"2012-03-31":2196.95,"2017-03-31":28.08,"2010-03-31":1718.51,"2009-03-31":1657.73,"2007-03-31":665.03}],["Investments",{"2008-03-31":1839.83,"2016-03-31":7391.08,"2014-03-31":7460.71,"2011-03-31":7037.24,"2015-03-31":7476.3,"2013-03-31":6876.55,"2006-03-31":1397.28,"2012-03-31":7046.65,"2017-03-31":10966.62,"2010-03-31":6558.88,"2009-03-31":2956.32,"2007-03-31":769.17}],["Other Assets",{"2008-03-31":18345.94,"2016-03-31":21698.08,"2014-03-31":26759.24,"2011-03-31":23823.18,"2015-03-31":24446.66,"2013-03-31":25556.13,"2006-03-31":3093.01,"2012-03-31":24876.38,"2017-03-31":17613.32,"2010-03-31":18944.48,"2009-03-31":18718.62,"2007-03-31":9442.25}],["Total Assets",{"2008-03-31":23441.93,"2016-03-31":29720.43,"2014-03-31":37629.44,"2011-03-31":34787.3,"2015-03-31":36018.93,"2013-03-31":37002.3,"2006-03-31":5026.69,"2012-03-31":36089.29,"2017-03-31":29135.74,"2010-03-31":28950.89,"2009-03-31":25148.2,"2007-03-31":11205.02}]],"annual":[["Sales",{"2008-03-31":5532.84,"2016-03-31":3621.96,"2014-03-31":2385.94,"2011-03-31":2916.08,"2015-03-31":3017.14,"2013-03-31":2150.01,"2006-03-31":984.4,"2012-03-31":3491.32,"2017-03-31":3702.95,"2010-03-31":2419.21,"2009-03-31":2835.36,"2007-03-31":1133.47}],["Expenses",{"2008-03-31":2470.6,"2016-03-31":2160.18,"2014-03-31":1564.13,"2011-03-31":1187.08,"2015-03-31":1420.35,"2013-03-31":763.3,"2006-03-31":647.47,"2012-03-31":1381.79,"2017-03-31":2189.82,"2010-03-31":1310.43,"2009-03-31":1107.27,"2007-03-31":443.54}],["Operating Profit",{"2008-03-31":3062.24,"2016-03-31":1461.78,"2014-03-31":821.81,"2011-03-31":1729.0,"2015-03-31":1596.79,"2013-03-31":1386.71,"2006-03-31":336.93,"2012-03-31":2109.53,"2017-03-31":1513.13,"2010-03-31":1108.78,"2009-03-31":1728.09,"2007-03-31":689.93}],["OPM",{"2008-03-31":55.35,"2016-03-31":40.36,"2014-03-31":34.44,"2011-03-31":59.29,"2015-03-31":52.92,"2013-03-31":64.5,"2006-03-31":34.23,"2012-03-31":60.42,"2017-03-31":40.86,"2010-03-31":45.83,"2009-03-31":60.95,"2007-03-31":60.87}],["Other Income",{"2008-03-31":529.01,"2016-03-31":1748.13,"2014-03-31":1449.9,"2011-03-31":1243.91,"2015-03-31":1080.56,"2013-03-31":1154.82,"2006-03-31":161.02,"2012-03-31":1091.35,"2017-03-31":702.35,"2010-03-31":801.22,"2009-03-31":1004.61,"2007-03-31":297.49}],["Interest",{"2008-03-31":447.65,"2016-03-31":1384.82,"2014-03-31":1666.81,"2011-03-31":1286.7,"2015-03-31":1403.34,"2013-03-31":1709.89,"2006-03-31":146.15,"2012-03-31":1553.78,"2017-03-31":1236.08,"2010-03-31":847.24,"2009-03-31":809.85,"2007-03-31":356.25}],["Depreciation",{"2008-03-31":25.68,"2016-03-31":74.82,"2014-03-31":77.98,"2011-03-31":129.77,"2015-03-31":55.82,"2013-03-31":141.89,"2006-03-31":3.9,"2012-03-31":139.84,"2017-03-31":98.96,"2010-03-31":126.05,"2009-03-31":114.08,"2007-03-31":9.44}],["Profit before tax",{"2008-03-31":3117.92,"2016-03-31":1750.27,"2014-03-31":526.9,"2011-03-31":1556.44,"2015-03-31":1218.19,"2013-03-31":689.77,"2006-03-31":347.9,"2012-03-31":1507.26,"2017-03-31":880.45,"2010-03-31":936.71,"2009-03-31":1808.77,"2007-03-31":621.73}],["Tax",{"2008-03-31":543.33,"2016-03-31":253.67,"2014-03-31":0.07,"2011-03-31":286.86,"2015-03-31":278.11,"2013-03-31":188.2,"2006-03-31":120.47,"2012-03-31":465.47,"2017-03-31":283.89,"2010-03-31":171.65,"2009-03-31":261.0,"2007-03-31":213.42}],["Net Profit",{"2008-03-31":2574.59,"2016-03-31":1496.62,"2014-03-31":526.84,"2011-03-31":1269.58,"2015-03-31":940.08,"2013-03-31":501.56,"2006-03-31":227.43,"2012-03-31":1041.79,"2017-03-31":596.56,"2010-03-31":765.06,"2009-03-31":1547.77,"2007-03-31":408.31}],["EPS (unadj)",{"2008-03-31":14.42,"2016-03-31":8.39,"2014-03-31":2.96,"2011-03-31":7.48,"2015-03-31":5.28,"2013-03-31":2.6,"2006-03-31":60.16,"2012-03-31":5.81,"2017-03-31":3.34,"2010-03-31":4.44,"2009-03-31":8.95,"2007-03-31":2.29}],["Dividend Payout",{"2008-03-31":26.49,"2016-03-31":23.94,"2014-03-31":67.92,"2011-03-31":26.86,"2015-03-31":38.07,"2013-03-31":68.04,"2006-03-31":6.66,"2012-03-31":32.76,"2017-03-31":60.07,"2010-03-31":44.57,"2009-03-31":22.03,"2007-03-31":74.91}]],"cashflow":[["Cash from Operating Activity",{"2008-03-31":-1499.93,"2016-03-31":849.44,"2014-03-31":1081.88,"2011-03-31":1497.41,"2015-03-31":-36.37,"2013-03-31":-74.0,"2006-03-31":-64.35,"2012-03-31":419.19,"2017-03-31":-695.03,"2010-03-31":391.66,"2009-03-31":1365.86,"2007-03-31":-2679.05}],["Cash from Investing Activity",{"2008-03-31":-6487.88,"2016-03-31":3900.81,"2014-03-31":1418.11,"2011-03-31":-1916.77,"2015-03-31":4488.91,"2013-03-31":2756.92,"2006-03-31":-2146.23,"2012-03-31":1158.72,"2017-03-31":2101.42,"2010-03-31":-2416.41,"2009-03-31":-1151.17,"2007-03-31":-629.17}],["Cash from Financing Activity",{"2008-03-31":8945.9,"2016-03-31":-4719.97,"2014-03-31":-2355.03,"2011-03-31":419.0,"2015-03-31":-4001.73,"2013-03-31":-2723.4,"2006-03-31":2251.52,"2012-03-31":-1354.43,"2017-03-31":-1536.08,"2010-03-31":1434.95,"2009-03-31":-437.54,"2007-03-31":3286.33}],["Net Cash Flow",{"2008-03-31":958.09,"2016-03-31":30.28,"2014-03-31":144.96,"2011-03-31":-0.36,"2015-03-31":450.81,"2013-03-31":-40.48,"2006-03-31":40.94,"2012-03-31":223.48,"2017-03-31":-129.69,"2010-03-31":-589.8,"2009-03-31":-222.85,"2007-03-31":-21.89}]],"quarters":[["Sales",{"2016-06-30":676.17,"2016-12-31":960.69,"2017-03-31":1335.53,"2017-06-30":1017.74,"2015-06-30":484.54,"2015-03-31":817.86,"2017-09-30":467.91,"2015-12-31":177.33,"2016-03-31":1968.15,"2017-12-31":502.94,"2016-09-30":730.56,"2015-09-30":991.94}],["Expenses",{"2016-06-30":475.72,"2016-12-31":539.72,"2017-03-31":719.17,"2017-06-30":513.97,"2015-06-30":371.82,"2015-03-31":384.72,"2017-09-30":315.6,"2015-12-31":400.96,"2016-03-31":979.88,"2017-12-31":587.83,"2016-09-30":455.21,"2015-09-30":407.51}],["Operating Profit",{"2016-06-30":200.45,"2016-12-31":420.97,"2017-03-31":616.36,"2017-06-30":503.77,"2015-06-30":112.72,"2015-03-31":433.14,"2017-09-30":152.31,"2015-12-31":-223.63,"2016-03-31":988.27,"2017-12-31":-84.89,"2016-09-30":275.35,"2015-09-30":584.43}],["OPM",{"2016-06-30":29.64,"2016-12-31":43.82,"2017-03-31":46.15,"2017-06-30":49.5,"2015-06-30":23.26,"2015-03-31":52.96,"2017-09-30":32.55,"2015-12-31":-126.11,"2016-03-31":50.21,"2017-12-31":-16.88,"2016-09-30":37.69,"2015-09-30":58.92}],["Other Income",{"2016-06-30":231.59,"2016-12-31":174.68,"2017-03-31":81.44,"2017-06-30":62.34,"2015-06-30":171.26,"2015-03-31":485.14,"2017-09-30":66.31,"2015-12-31":278.31,"2016-03-31":1038.74,"2017-12-31":326.11,"2016-09-30":214.64,"2015-09-30":259.82}],["Depreciation",{"2016-06-30":25.59,"2016-12-31":24.54,"2017-03-31":22.99,"2017-06-30":23.73,"2015-06-30":13.59,"2015-03-31":12.95,"2017-09-30":24.41,"2015-12-31":18.04,"2016-03-31":27.26,"2017-12-31":50.31,"2016-09-30":25.84,"2015-09-30":15.93}],["Interest",{"2016-06-30":314.97,"2016-12-31":314.21,"2017-03-31":300.28,"2017-06-30":265.89,"2015-06-30":345.67,"2015-03-31":324.63,"2017-09-30":260.34,"2015-12-31":371.36,"2016-03-31":297.14,"2017-12-31":303.97,"2016-09-30":306.62,"2015-09-30":370.65}],["Profit before tax",{"2016-06-30":91.48,"2016-12-31":256.9,"2017-03-31":374.53,"2017-06-30":276.49,"2015-06-30":-75.28,"2015-03-31":580.7,"2017-09-30":-66.13,"2015-12-31":-334.72,"2016-03-31":1702.61,"2017-12-31":-113.06,"2016-09-30":157.53,"2015-09-30":457.67}],["Tax",{"2016-06-30":24.02,"2016-12-31":86.0,"2017-03-31":140.73,"2017-06-30":91.8,"2015-06-30":-32.95,"2015-03-31":91.36,"2017-09-30":-5.2,"2015-12-31":-152.99,"2016-03-31":286.38,"2017-12-31":-54.29,"2016-09-30":33.14,"2015-09-30":153.22}],["Net Profit",{"2016-06-30":67.46,"2016-12-31":170.9,"2017-03-31":233.8,"2017-06-30":184.69,"2015-06-30":-42.33,"2015-03-31":489.34,"2017-09-30":-60.93,"2015-12-31":-181.73,"2016-03-31":1416.23,"2017-12-31":-58.77,"2016-09-30":124.39,"2015-09-30":304.45}]]},"bse_code":"532868","short_name":"DLF","nse_code":"DLF","companyrating_set":[],"annualreport_set":[{"source":"bse","report_date":2017,"link":"http://www.bseindia.com/bseplus/AnnualReport/532868/5328680317.pdf"},{"source":"bse","report_date":2016,"link":"http://www.bseindia.com/bseplus/AnnualReport/532868/5328680316.pdf"},{"source":"bse","report_date":2015,"link":"http://www.bseindia.com/bseplus/AnnualReport/532868/5328680315.pdf"},{"source":"bse","report_date":2014,"link":"http://www.bseindia.com/bseplus/AnnualReport/532868/5328680314.pdf"},{"source":"bse","report_date":2013,"link":"http://www.bseindia.com/bseplus/annualreport/532868/5328680313.pdf"},{"source":"nse","report_date":2012,"link":"http://nseindia.com/annual_reports/AR_DLF_2011_2012_14082012023433.zip"},{"source":"bse","report_date":2010,"link":"http://www.bseindia.com/bseplus/annualreport/532868/5328680310.pdf"},{"source":"nse","report_date":2010,"link":"http://nseindia.com/annual_reports/AR_DLF_2009_2010_14092010120000.zip"}],"announcement_set":[{"ann_date":"30 Mar 2018","announcement":"Payment of Interest","link":"https://www.bseindia.com/corporates/anndet_new.aspx?newsid=0e973cc6-feda-4c2e-8297-19831015110a"},{"ann_date":"20 Mar 2018","announcement":"Board declares Interim Dividend","link":"https://www.bseindia.com/corporates/anndet_new.aspx?newsid=1acee7b8-92db-48f7-ab0a-7222c9c4a199"},{"ann_date":"20 Mar 2018","announcement":"Announcement under Regulation 30 (LODR)-Dividend Updates","link":"https://www.bseindia.com/corporates/anndet_new.aspx?newsid=86127027-e166-43e3-8848-5270e66ea477"},{"ann_date":"17 Mar 2018","announcement":"Fixes Record Date for Interim Dividend","link":"https://www.bseindia.com/corporates/anndet_new.aspx?newsid=78120499-c3f1-4f5a-9afd-75405c2db26e"},{"ann_date":"16 Mar 2018","announcement":"Board to consider Interim Dividend","link":"https://www.bseindia.com/corporates/anndet_new.aspx?newsid=8bb83211-b4ef-413f-b197-c48f5c59fca1"}],"warehouse_set":{"high_price":273.85,"low_price":146.9,"sales_growth":-23.33,"current_price":204.35,"dividend_yield":0.98,"face_value":2.0,"id":1496,"sales_growth_3years":15.78,"profit_growth_5years":-6.33,"average_return_on_equity_3years":5.53,"book_value":82.78,"status":"Active","pair_url":"/company/DLF/consolidated","sales_growth_10years":-4.36,"average_return_on_equity_10years":7.98,"profit_growth":-83.2,"market_capitalization":36457.41,"profit_growth_10years":-14.83,"price_to_earning":86.92,"industry":"Realty","analysis":{"remarks":[],"bad":["Company has low interest coverage ratio.","Company has a low return on equity of 5.53% for last 3 years.","Contingent liabilities of Rs.14536.32 Cr.","Earnings include an other income of Rs.536.20 Cr."],"good":["Company has been maintaining a healthy dividend payout of 35.43%"]},"result_type":"sa","profit_growth_3years":-12.49,"sales_growth_5years":1.18,"return_on_equity":4.21,"average_return_on_equity_5years":5.08},"id":841,"name":"DLF Ltd"}
