{"prime":"sa","number_set":{"balancesheet":[["Share Capital",{"2017-03-31":624.08,"2016-03-31":561.54,"2014-03-31":546.75,"2011-03-31":505.85,"2015-03-31":561.54,"2013-03-31":544.06,"2012-03-31":533.54,"2010-03-31":380.73,"2009-03-31":272.5}],["Reserves",{"2017-03-31":3212.98,"2016-03-31":950.32,"2014-03-31":403.53,"2011-03-31":78.6,"2015-03-31":631.37,"2013-03-31":241.97,"2012-03-31":145.91,"2010-03-31":37.25,"2009-03-31":16.04}],["Borrowings",{"2017-03-31":1481.13,"2016-03-31":1177.27,"2014-03-31":623.91,"2011-03-31":298.68,"2015-03-31":887.51,"2013-03-31":524.74,"2012-03-31":380.68,"2010-03-31":182.94,"2009-03-31":147.8}],["Other Liabilities",{"2017-03-31":485.88,"2016-03-31":393.81,"2014-03-31":217.9,"2011-03-31":117.86,"2015-03-31":268.45,"2013-03-31":180.31,"2012-03-31":128.53,"2010-03-31":78.5,"2009-03-31":56.81}],["Total Liabilities",{"2017-03-31":5804.07,"2016-03-31":3082.94,"2014-03-31":1792.09,"2011-03-31":1000.99,"2015-03-31":2348.87,"2013-03-31":1491.08,"2012-03-31":1188.66,"2010-03-31":679.42,"2009-03-31":493.15}],["Fixed Assets",{"2017-03-31":2521.53,"2016-03-31":2065.44,"2014-03-31":1168.68,"2011-03-31":619.28,"2015-03-31":1509.67,"2013-03-31":922.29,"2012-03-31":778.77,"2010-03-31":504.22,"2009-03-31":371.4}],["CWIP",{"2017-03-31":152.89,"2016-03-31":81.69,"2014-03-31":78.03,"2011-03-31":114.21,"2015-03-31":91.59,"2013-03-31":107.36,"2012-03-31":74.19,"2010-03-31":39.73,"2009-03-31":49.44}],["Investments",{"2017-03-31":63.99,"2016-03-31":29.65,"2014-03-31":17.34,"2011-03-31":65.17,"2015-03-31":16.66,"2013-03-31":20.17,"2012-03-31":23.99,"2010-03-31":22.02,"2009-03-31":2.2}],["Other Assets",{"2017-03-31":3065.66,"2016-03-31":906.16,"2014-03-31":528.04,"2011-03-31":202.33,"2015-03-31":730.95,"2013-03-31":441.26,"2012-03-31":311.71,"2010-03-31":113.45,"2009-03-31":70.11}],["Total Assets",{"2017-03-31":5804.07,"2016-03-31":3082.94,"2014-03-31":1792.09,"2011-03-31":1000.99,"2015-03-31":2348.87,"2013-03-31":1491.08,"2012-03-31":1188.66,"2010-03-31":679.42,"2009-03-31":493.15}]],"annual":[["Sales",{"2017-03-31":11881.12,"2016-03-31":8575.18,"2014-03-31":4680.6,"2011-03-31":1582.16,"2015-03-31":6433.52,"2013-03-31":3334.62,"2012-03-31":2202.6,"2010-03-31":1034.79,"2009-03-31":592.76}],["Expenses",{"2017-03-31":10917.47,"2016-03-31":7918.55,"2014-03-31":4345.23,"2011-03-31":null,"2015-03-31":5981.05,"2013-03-31":3124.04,"2012-03-31":2067.78,"2010-03-31":null,"2009-03-31":null}],["Operating Profit",{"2017-03-31":963.65,"2016-03-31":656.63,"2014-03-31":335.37,"2011-03-31":null,"2015-03-31":452.47,"2013-03-31":210.58,"2012-03-31":134.82,"2010-03-31":null,"2009-03-31":null}],["OPM",{"2017-03-31":8.11,"2016-03-31":7.66,"2014-03-31":7.17,"2011-03-31":null,"2015-03-31":7.03,"2013-03-31":6.31,"2012-03-31":6.12,"2010-03-31":null,"2009-03-31":null}],["Other Income",{"2017-03-31":31.29,"2016-03-31":20.05,"2014-03-31":18.72,"2011-03-31":13.15,"2015-03-31":20.87,"2013-03-31":16.59,"2012-03-31":15.84,"2010-03-31":10.58,"2009-03-31":7.2}],["Interest",{"2017-03-31":121.8,"2016-03-31":91.23,"2014-03-31":55.33,"2011-03-31":19.23,"2015-03-31":71.97,"2013-03-31":42.41,"2012-03-31":26.02,"2010-03-31":12.61,"2009-03-31":5.56}],["Depreciation",{"2017-03-31":126.02,"2016-03-31":97.1,"2014-03-31":56.44,"2011-03-31":29.55,"2015-03-31":80.6,"2013-03-31":45.56,"2012-03-31":37.42,"2010-03-31":21.63,"2009-03-31":14.08}],["Profit before tax",{"2017-03-31":747.11,"2016-03-31":488.35,"2014-03-31":242.31,"2011-03-31":60.49,"2015-03-31":320.78,"2013-03-31":139.2,"2012-03-31":87.22,"2010-03-31":32.38,"2009-03-31":10.73}],["Tax",{"2017-03-31":264.47,"2016-03-31":170.44,"2014-03-31":82.7,"2011-03-31":19.14,"2015-03-31":110.1,"2013-03-31":46.62,"2012-03-31":27.79,"2010-03-31":11.17,"2009-03-31":5.21}],["Net Profit",{"2017-03-31":482.64,"2016-03-31":317.91,"2014-03-31":159.6,"2011-03-31":41.35,"2015-03-31":210.67,"2013-03-31":92.58,"2012-03-31":59.43,"2010-03-31":21.21,"2009-03-31":5.52}],["EPS (unadj)",{"2017-03-31":7.73,"2016-03-31":5.66,"2014-03-31":2.92,"2011-03-31":0.82,"2015-03-31":3.75,"2013-03-31":1.7,"2012-03-31":1.11,"2010-03-31":0.56,"2009-03-31":0.2}],["Dividend Payout",{"2017-03-31":0.0,"2016-03-31":0.0,"2014-03-31":0.0,"2011-03-31":0.0,"2015-03-31":0.0,"2013-03-31":0.0,"2012-03-31":0.0,"2010-03-31":0.0,"2009-03-31":0.0}]],"cashflow":[["Cash from Operating Activity",{"2017-03-31":448.82,"2016-03-31":425.26,"2014-03-31":205.89,"2011-03-31":46.79,"2015-03-31":207.38,"2013-03-31":127.6,"2012-03-31":60.41,"2010-03-31":34.21,"2009-03-31":26.66}],["Cash from Investing Activity",{"2017-03-31":-2474.63,"2016-03-31":-624.99,"2014-03-31":-266.1,"2011-03-31":-263.45,"2015-03-31":-461.21,"2013-03-31":-231.58,"2012-03-31":-126.65,"2010-03-31":-160.16,"2009-03-31":-107.71}],["Cash from Financing Activity",{"2017-03-31":2024.29,"2016-03-31":196.48,"2014-03-31":52.69,"2011-03-31":222.91,"2015-03-31":237.73,"2013-03-31":118.28,"2012-03-31":94.87,"2010-03-31":132.64,"2009-03-31":82.15}],["Net Cash Flow",{"2017-03-31":-1.52,"2016-03-31":-3.26,"2014-03-31":-7.52,"2011-03-31":6.25,"2015-03-31":-16.1,"2013-03-31":14.3,"2012-03-31":28.63,"2010-03-31":6.69,"2009-03-31":1.1}]],"quarters":[["Sales",{"2016-06-30":2652.39,"2016-12-31":3339.36,"2017-03-31":3110.64,"2017-06-30":3598.13,"2017-09-30":3508.27,"2016-03-31":2212.71,"2017-12-31":4094.82,"2016-09-30":2778.73}],["Expenses",{"2016-06-30":2417.61,"2016-12-31":3051.07,"2017-03-31":2902.9,"2017-06-30":3294.89,"2017-09-30":3190.37,"2016-03-31":2065.09,"2017-12-31":3673.08,"2016-09-30":2545.89}],["Operating Profit",{"2016-06-30":234.78,"2016-12-31":288.29,"2017-03-31":207.74,"2017-06-30":303.24,"2017-09-30":317.9,"2016-03-31":147.62,"2017-12-31":421.74,"2016-09-30":232.84}],["OPM",{"2016-06-30":8.85,"2016-12-31":8.63,"2017-03-31":6.68,"2017-06-30":8.43,"2017-09-30":9.06,"2016-03-31":6.67,"2017-12-31":10.3,"2016-09-30":8.38}],["Other Income",{"2016-06-30":4.88,"2016-12-31":8.5,"2017-03-31":9.86,"2017-06-30":22.83,"2017-09-30":21.21,"2016-03-31":6.96,"2017-12-31":13.66,"2016-09-30":8.04}],["Depreciation",{"2016-06-30":28.75,"2016-12-31":31.37,"2017-03-31":35.36,"2017-06-30":33.71,"2017-09-30":35.14,"2016-03-31":27.74,"2017-12-31":39.29,"2016-09-30":30.54}],["Interest",{"2016-06-30":28.12,"2016-12-31":31.04,"2017-03-31":30.76,"2017-06-30":24.34,"2017-09-30":10.94,"2016-03-31":25.23,"2017-12-31":10.96,"2016-09-30":31.88}],["Profit before tax",{"2016-06-30":182.79,"2016-12-31":234.38,"2017-03-31":151.48,"2017-06-30":268.02,"2017-09-30":293.03,"2016-03-31":101.61,"2017-12-31":385.15,"2016-09-30":178.47}],["Tax",{"2016-06-30":64.34,"2016-12-31":82.5,"2017-03-31":54.81,"2017-06-30":93.24,"2017-09-30":102.0,"2016-03-31":36.05,"2017-12-31":133.39,"2016-09-30":62.82}],["Net Profit",{"2016-06-30":118.45,"2016-12-31":151.88,"2017-03-31":96.67,"2017-06-30":174.78,"2017-09-30":191.02,"2016-03-31":65.56,"2017-12-31":251.76,"2016-09-30":115.65}]]},"bse_code":"540376","short_name":"Avenue Super.","nse_code":"DMART","companyrating_set":[],"annualreport_set":[{"source":"bse","report_date":2017,"link":"http://www.bseindia.com/bseplus/AnnualReport/540376/5403760317.pdf"}],"announcement_set":[{"ann_date":"12 Mar 2018","announcement":"Board Meeting-Closure of Trading Window","link":"https://www.bseindia.com/corporates/anndet_new.aspx?newsid=3d573afb-6271-4126-81f3-b95c09032da2"},{"ann_date":"07 Mar 2018","announcement":"Announcement under Regulation 30 (LODR)-Updates","link":"https://www.bseindia.com/corporates/anndet_new.aspx?newsid=e229b7f0-bfd1-4fc2-8949-6397e73ec1ee"},{"ann_date":"06 Mar 2018","announcement":"Announcement under Regulation 30 (LODR)-Credit Rating","link":"https://www.bseindia.com/corporates/anndet_new.aspx?newsid=4d2ca33f-70d4-411d-9921-8b880fe764db"},{"ann_date":"02 Feb 2018","announcement":"Updates","link":"http://www.bseindia.com/corporates/anndet_new.aspx?newsid=2ace0d49-1b3b-4974-8f34-c379682d245a"},{"ann_date":"29 Jan 2018","announcement":"Newspaper Publication","link":"http://www.bseindia.com/corporates/anndet_new.aspx?newsid=010146d7-4538-4227-8491-bcd9f332292f"}],"warehouse_set":{"high_price":1424.0,"low_price":628.3,"sales_growth":30.31,"current_price":1419.85,"dividend_yield":0.0,"face_value":10.0,"id":13798723,"sales_growth_3years":36.41,"profit_growth_5years":51.87,"average_return_on_equity_3years":19.47,"book_value":71.38,"status":"Active","pair_url":"/company/DMART/consolidated","profit_growth":58.18,"market_capitalization":88610.64,"price_to_earning":124.06,"industry":"Department Stores","analysis":{"remarks":[],"bad":["Stock is trading at 19.89 times its book value","Though the company is reporting repeated profits, it is not paying out dividend"],"good":["Company is expected to give good quarter","Company has good consistent profit growth of 51.87% over 5 years"]},"average_return_on_equity_5years":18.69,"profit_growth_3years":44.25,"sales_growth_5years":40.08,"return_on_equity":17.88,"result_type":"sa"},"id":1273670,"name":"Avenue Supermarts Ltd"}
