{"prime":"sa","number_set":{"balancesheet":[["Share Capital",{"2008-03-31":56.16,"2016-03-31":168.47,"2014-03-31":168.47,"2011-03-31":168.47,"2015-03-31":168.47,"2013-03-31":168.47,"2006-03-31":56.16,"2012-03-31":168.47,"2017-03-31":336.94,"2010-03-31":56.16,"2009-03-31":56.16,"2007-03-31":56.16}],["Reserves",{"2008-03-31":1093.91,"2016-03-31":2588.54,"2014-03-31":2293.29,"2011-03-31":1273.65,"2015-03-31":2399.43,"2013-03-31":2069.08,"2006-03-31":896.84,"2012-03-31":1675.58,"2017-03-31":2439.02,"2010-03-31":1058.55,"2009-03-31":1319.18,"2007-03-31":971.94}],["Borrowings",{"2008-03-31":0.0,"2016-03-31":0.0,"2014-03-31":0.0,"2011-03-31":0.0,"2015-03-31":0.0,"2013-03-31":0.0,"2006-03-31":0.0,"2012-03-31":0.0,"2017-03-31":0.0,"2010-03-31":0.0,"2009-03-31":0.0,"2007-03-31":0.0}],["Other Liabilities",{"2008-03-31":964.53,"2016-03-31":1355.69,"2014-03-31":1292.19,"2011-03-31":2034.42,"2015-03-31":1359.43,"2013-03-31":1610.84,"2006-03-31":626.89,"2012-03-31":1904.03,"2017-03-31":1568.97,"2010-03-31":1726.28,"2009-03-31":1617.2,"2007-03-31":667.48}],["Total Liabilities",{"2008-03-31":2114.6,"2016-03-31":4112.7,"2014-03-31":3753.95,"2011-03-31":3476.54,"2015-03-31":3927.33,"2013-03-31":3848.39,"2006-03-31":1579.89,"2012-03-31":3748.08,"2017-03-31":4344.93,"2010-03-31":2840.99,"2009-03-31":2992.54,"2007-03-31":1695.58}],["Fixed Assets",{"2008-03-31":46.81,"2016-03-31":240.03,"2014-03-31":117.9,"2011-03-31":60.07,"2015-03-31":269.7,"2013-03-31":50.46,"2006-03-31":38.67,"2012-03-31":53.09,"2017-03-31":232.84,"2010-03-31":60.05,"2009-03-31":54.76,"2007-03-31":38.27}],["CWIP",{"2008-03-31":4.83,"2016-03-31":24.39,"2014-03-31":131.76,"2011-03-31":13.08,"2015-03-31":19.11,"2013-03-31":135.52,"2006-03-31":4.24,"2012-03-31":51.6,"2017-03-31":55.72,"2010-03-31":11.84,"2009-03-31":8.52,"2007-03-31":6.66}],["Investments",{"2008-03-31":146.81,"2016-03-31":75.45,"2014-03-31":736.59,"2011-03-31":512.42,"2015-03-31":140.39,"2013-03-31":653.14,"2006-03-31":138.28,"2012-03-31":634.97,"2017-03-31":569.5,"2010-03-31":100.73,"2009-03-31":153.7,"2007-03-31":137.36}],["Other Assets",{"2008-03-31":1916.15,"2016-03-31":3772.83,"2014-03-31":2767.7,"2011-03-31":2890.97,"2015-03-31":3498.13,"2013-03-31":3009.27,"2006-03-31":1398.7,"2012-03-31":3008.42,"2017-03-31":3486.87,"2010-03-31":2668.37,"2009-03-31":2775.56,"2007-03-31":1513.29}],["Total Assets",{"2008-03-31":2114.6,"2016-03-31":4112.7,"2014-03-31":3753.95,"2011-03-31":3476.54,"2015-03-31":3927.33,"2013-03-31":3848.39,"2006-03-31":1579.89,"2012-03-31":3748.08,"2017-03-31":4344.93,"2010-03-31":2840.99,"2009-03-31":2992.54,"2007-03-31":1695.58}]],"annual":[["Sales",{"2008-03-31":737.75,"2016-03-31":1511.01,"2014-03-31":1823.59,"2011-03-31":2823.28,"2015-03-31":1713.0,"2013-03-31":2505.97,"2006-03-31":790.89,"2012-03-31":3698.82,"2017-03-31":1448.64,"2010-03-31":1993.8,"2009-03-31":1532.46,"2007-03-31":569.89}],["Expenses",{"2008-03-31":568.65,"2016-03-31":1312.14,"2014-03-31":1346.57,"2011-03-31":2180.96,"2015-03-31":1500.46,"2013-03-31":1922.06,"2006-03-31":641.67,"2012-03-31":2995.14,"2017-03-31":1144.46,"2010-03-31":1500.69,"2009-03-31":1220.57,"2007-03-31":471.56}],["Operating Profit",{"2008-03-31":169.1,"2016-03-31":198.87,"2014-03-31":477.02,"2011-03-31":642.32,"2015-03-31":212.54,"2013-03-31":583.91,"2006-03-31":149.22,"2012-03-31":703.68,"2017-03-31":304.18,"2010-03-31":493.11,"2009-03-31":311.89,"2007-03-31":98.33}],["OPM",{"2008-03-31":22.92,"2016-03-31":13.16,"2014-03-31":26.16,"2011-03-31":22.75,"2015-03-31":12.41,"2013-03-31":23.3,"2006-03-31":18.87,"2012-03-31":19.02,"2017-03-31":21.0,"2010-03-31":24.73,"2009-03-31":20.35,"2007-03-31":17.25}],["Other Income",{"2008-03-31":139.17,"2016-03-31":247.79,"2014-03-31":232.09,"2011-03-31":160.37,"2015-03-31":273.11,"2013-03-31":316.42,"2006-03-31":85.43,"2012-03-31":232.18,"2017-03-31":223.66,"2010-03-31":183.67,"2009-03-31":221.53,"2007-03-31":115.01}],["Interest",{"2008-03-31":1.55,"2016-03-31":1.94,"2014-03-31":1.36,"2011-03-31":3.98,"2015-03-31":1.89,"2013-03-31":1.33,"2006-03-31":2.34,"2012-03-31":3.57,"2017-03-31":5.15,"2010-03-31":3.33,"2009-03-31":2.12,"2007-03-31":1.93}],["Depreciation",{"2008-03-31":10.46,"2016-03-31":24.92,"2014-03-31":14.55,"2011-03-31":14.71,"2015-03-31":19.63,"2013-03-31":10.87,"2006-03-31":9.47,"2012-03-31":19.45,"2017-03-31":22.51,"2010-03-31":12.98,"2009-03-31":10.84,"2007-03-31":8.26}],["Profit before tax",{"2008-03-31":296.27,"2016-03-31":419.81,"2014-03-31":698.02,"2011-03-31":784.48,"2015-03-31":467.55,"2013-03-31":890.94,"2006-03-31":222.87,"2012-03-31":914.76,"2017-03-31":500.18,"2010-03-31":660.48,"2009-03-31":520.47,"2007-03-31":203.16}],["Tax",{"2008-03-31":100.26,"2016-03-31":143.61,"2014-03-31":218.26,"2011-03-31":261.96,"2015-03-31":159.58,"2013-03-31":262.36,"2006-03-31":72.88,"2012-03-31":278.44,"2017-03-31":175.14,"2010-03-31":224.9,"2009-03-31":175.94,"2007-03-31":66.22}],["Net Profit",{"2008-03-31":196.01,"2016-03-31":276.19,"2014-03-31":479.76,"2011-03-31":522.52,"2015-03-31":307.98,"2013-03-31":628.58,"2006-03-31":149.99,"2012-03-31":636.32,"2017-03-31":325.04,"2010-03-31":435.58,"2009-03-31":344.53,"2007-03-31":136.94}],["EPS (unadj)",{"2008-03-31":33.07,"2016-03-31":8.2,"2014-03-31":13.15,"2011-03-31":14.72,"2015-03-31":8.16,"2013-03-31":17.68,"2006-03-31":25.59,"2012-03-31":17.93,"2017-03-31":4.82,"2010-03-31":59.59,"2009-03-31":58.26,"2007-03-31":22.87}],["Dividend Payout",{"2008-03-31":31.54,"2016-03-31":48.81,"2014-03-31":45.66,"2011-03-31":32.25,"2015-03-31":54.71,"2013-03-31":32.17,"2006-03-31":29.97,"2012-03-31":31.78,"2017-03-31":62.2,"2010-03-31":136.76,"2009-03-31":30.18,"2007-03-31":38.99}]],"cashflow":[["Cash from Operating Activity",{"2008-03-31":308.34,"2016-03-31":86.68,"2014-03-31":83.08,"2011-03-31":493.09,"2015-03-31":59.59,"2013-03-31":344.06,"2006-03-31":137.72,"2012-03-31":107.04,"2017-03-31":230.99,"2010-03-31":355.53,"2009-03-31":586.87,"2007-03-31":190.24}],["Cash from Investing Activity",{"2008-03-31":68.52,"2016-03-31":70.8,"2014-03-31":168.86,"2011-03-31":-341.93,"2015-03-31":182.55,"2013-03-31":-68.32,"2006-03-31":50.0,"2012-03-31":68.77,"2017-03-31":200.58,"2010-03-31":206.73,"2009-03-31":130.05,"2007-03-31":55.78}],["Cash from Financing Activity",{"2008-03-31":-65.7,"2016-03-31":-161.3,"2014-03-31":-255.54,"2011-03-31":-134.23,"2015-03-31":-238.81,"2013-03-31":-273.47,"2006-03-31":-67.23,"2012-03-31":-234.39,"2017-03-31":-282.85,"2010-03-31":-692.45,"2009-03-31":-75.34,"2007-03-31":-54.43}],["Net Cash Flow",{"2008-03-31":311.16,"2016-03-31":-3.82,"2014-03-31":-3.6,"2011-03-31":16.93,"2015-03-31":3.32,"2013-03-31":2.27,"2006-03-31":120.49,"2012-03-31":-58.58,"2017-03-31":148.72,"2010-03-31":-130.19,"2009-03-31":641.58,"2007-03-31":191.59}]],"quarters":[["Sales",{"2016-06-30":341.82,"2016-12-31":325.01,"2017-03-31":442.93,"2017-06-30":375.36,"2015-06-30":391.39,"2015-03-31":488.54,"2017-09-30":429.09,"2015-12-31":368.37,"2016-03-31":301.82,"2017-12-31":473.42,"2016-09-30":338.89,"2015-09-30":449.44}],["Expenses",{"2016-06-30":268.5,"2016-12-31":244.1,"2017-03-31":388.67,"2017-06-30":293.62,"2015-06-30":356.88,"2015-03-31":394.37,"2017-09-30":290.14,"2015-12-31":320.24,"2016-03-31":252.16,"2017-12-31":338.58,"2016-09-30":245.17,"2015-09-30":384.54}],["Operating Profit",{"2016-06-30":73.32,"2016-12-31":80.91,"2017-03-31":54.26,"2017-06-30":81.74,"2015-06-30":34.51,"2015-03-31":94.17,"2017-09-30":138.95,"2015-12-31":48.13,"2016-03-31":49.66,"2017-12-31":134.84,"2016-09-30":93.72,"2015-09-30":64.9}],["OPM",{"2016-06-30":21.45,"2016-12-31":24.89,"2017-03-31":12.25,"2017-06-30":21.78,"2015-06-30":8.82,"2015-03-31":19.28,"2017-09-30":32.38,"2015-12-31":13.07,"2016-03-31":16.45,"2017-12-31":28.48,"2016-09-30":27.65,"2015-09-30":14.44}],["Other Income",{"2016-06-30":54.59,"2016-12-31":55.86,"2017-03-31":57.11,"2017-06-30":45.62,"2015-06-30":57.73,"2015-03-31":79.91,"2017-09-30":46.65,"2015-12-31":61.19,"2016-03-31":67.98,"2017-12-31":39.3,"2016-09-30":56.1,"2015-09-30":60.89}],["Depreciation",{"2016-06-30":5.29,"2016-12-31":5.9,"2017-03-31":6.04,"2017-06-30":5.97,"2015-06-30":8.53,"2015-03-31":5.37,"2017-09-30":6.19,"2015-12-31":5.27,"2016-03-31":5.93,"2017-12-31":5.89,"2016-09-30":5.28,"2015-09-30":5.2}],["Interest",{"2016-06-30":0.08,"2016-12-31":0.06,"2017-03-31":3.01,"2017-06-30":0.05,"2015-06-30":0.06,"2015-03-31":0.23,"2017-09-30":0.07,"2015-12-31":0.04,"2016-03-31":0.14,"2017-12-31":0.09,"2016-09-30":0.03,"2015-09-30":0.01}],["Profit before tax",{"2016-06-30":122.54,"2016-12-31":130.81,"2017-03-31":102.33,"2017-06-30":121.34,"2015-06-30":83.65,"2015-03-31":168.48,"2017-09-30":179.35,"2015-12-31":104.01,"2016-03-31":111.57,"2017-12-31":168.15,"2016-09-30":144.51,"2015-09-30":120.57}],["Tax",{"2016-06-30":42.23,"2016-12-31":45.82,"2017-03-31":36.33,"2017-06-30":39.96,"2015-06-30":30.14,"2015-03-31":59.63,"2017-09-30":60.17,"2015-12-31":36.34,"2016-03-31":33.78,"2017-12-31":59.74,"2016-09-30":50.75,"2015-09-30":43.36}],["Net Profit",{"2016-06-30":80.3,"2016-12-31":84.99,"2017-03-31":65.99,"2017-06-30":81.38,"2015-06-30":53.51,"2015-03-31":108.87,"2017-09-30":119.17,"2015-12-31":67.67,"2016-03-31":77.8,"2017-12-31":108.4,"2016-09-30":93.75,"2015-09-30":77.21}]]},"bse_code":"532178","short_name":"Engineers India","nse_code":"ENGINERSIN","companyrating_set":[{"rating__rating":"CARE A1+","instrument":"Bank FacilitiesFund Based - ST","rating__source":"care","link":"http://google.com/search?btnI=1&q=Engineers India Ltd+site:careratings.com"},{"rating__rating":"CARE AAA / CARE A1+","instrument":"Bank FacilitiesNon-Fund Based - LT/ ST","rating__source":"care","link":"http://google.com/search?btnI=1&q=Engineers India Ltd+site:careratings.com"}],"annualreport_set":[{"source":"bse","report_date":2017,"link":"http://www.bseindia.com/bseplus/AnnualReport/532178/5321780317.pdf"},{"source":"bse","report_date":2016,"link":"http://www.bseindia.com/bseplus/AnnualReport/532178/5321780316.pdf"},{"source":"bse","report_date":2015,"link":"http://www.bseindia.com/bseplus/AnnualReport/532178/5321780315.pdf"},{"source":"bse","report_date":2014,"link":"http://www.bseindia.com/bseplus/AnnualReport/532178/5321780314.pdf"},{"source":"bse","report_date":2013,"link":"http://www.bseindia.com/bseplus/annualreport/532178/5321780313.pdf"},{"source":"bse","report_date":2012,"link":"http://www.bseindia.com/bseplus/annualreport/532178/5321780312.PDF"},{"source":"nse","report_date":2011,"link":"http://nseindia.com/annual_reports/AR_ENGINERSIN_2010_2011_22062012102740.zip"},{"source":"bse","report_date":2010,"link":"http://www.bseindia.com/bseplus/annualreport/532178/5321780310.pdf"},{"source":"nse","report_date":2010,"link":"http://nseindia.com/annual_reports/AR_ENGINERSIN_2009_2010_09092010120000.zip"}],"announcement_set":[{"ann_date":"29 Mar 2018","announcement":"Announcement under Regulation 30 (LODR)-Change in Directorate","link":"https://www.bseindia.com/corporates/anndet_new.aspx?newsid=b2dc7de3-f4ce-4048-97bd-5bbf741f88e2"},{"ann_date":"21 Mar 2018","announcement":"Announcement under Regulation 30 (LODR)-Change in Directorate","link":"https://www.bseindia.com/corporates/anndet_new.aspx?newsid=6048b0f9-a730-422e-a06e-89acfff64af0"},{"ann_date":"13 Mar 2018","announcement":"Announcement under Regulation 30 (LODR)-Meeting Updates","link":"https://www.bseindia.com/corporates/anndet_new.aspx?newsid=80a3d902-b492-45cc-95b2-7e9070f35058"},{"ann_date":"12 Mar 2018","announcement":"Board declares Interim Dividend","link":"https://www.bseindia.com/corporates/anndet_new.aspx?newsid=e4145e37-9222-47f9-a029-cc1f6157e6df"},{"ann_date":"12 Mar 2018","announcement":"Corporate Action-Board approves Dividend","link":"https://www.bseindia.com/corporates/anndet_new.aspx?newsid=32ff04bf-b08f-422c-8ee2-d9eb3e1091e9"}],"warehouse_set":{"high_price":206.4,"low_price":140.65,"sales_growth":31.61,"current_price":164.2,"dividend_yield":1.95,"face_value":5.0,"id":3464,"sales_growth_3years":-7.38,"profit_growth_5years":-11.83,"average_return_on_equity_3years":10.94,"book_value":48.82,"status":"Active","pair_url":"/company/ENGINERSIN/consolidated","sales_growth_10years":7.78,"average_return_on_equity_10years":21.04,"profit_growth":11.31,"market_capitalization":10375.99,"profit_growth_10years":5.77,"price_to_earning":27.67,"industry":"Consulting Services","analysis":{"remarks":[],"bad":["Stock is trading at 3.36 times its book value","Promoter's stake has decreased","The company has delivered a poor growth of -17.10% over past five years.","Company has a low return on equity of 10.94% for last 3 years.","Earnings include an other income of Rs.188.68 Cr."],"good":["Company is virtually debt free.","Company is expected to give good quarter","Company has been maintaining a healthy dividend payout of 55.60%"]},"result_type":"sa","profit_growth_3years":-10.62,"sales_growth_5years":-17.1,"return_on_equity":11.75,"average_return_on_equity_5years":15.8},"id":935,"name":"Engineers India Ltd"}
