{"prime":"sa","number_set":{"balancesheet":[["Share Capital",{"2008-03-31":171.03,"2016-03-31":343.79,"2014-03-31":171.06,"2011-03-31":171.05,"2015-03-31":171.33,"2013-03-31":171.06,"2006-03-31":85.6,"2012-03-31":171.05,"2017-03-31":344.81,"2010-03-31":171.03,"2009-03-31":171.03,"2007-03-31":85.6}],["Reserves",{"2008-03-31":3748.3,"2016-03-31":7742.42,"2014-03-31":6774.52,"2011-03-31":4931.98,"2015-03-31":7561.8,"2013-03-31":6188.39,"2006-03-31":1157.3,"2012-03-31":5529.87,"2017-03-31":8592.56,"2010-03-31":4513.56,"2009-03-31":4148.74,"2007-03-31":1409.97}],["Borrowings",{"2008-03-31":26705.31,"2016-03-31":84286.28,"2014-03-31":65419.24,"2011-03-31":44903.14,"2015-03-31":73133.23,"2013-03-31":62801.85,"2006-03-31":18489.23,"2012-03-31":53178.15,"2017-03-31":103561.88,"2010-03-31":37604.71,"2009-03-31":33417.13,"2007-03-31":22354.65}],["Other Liabilities",{"2008-03-31":1983.84,"2016-03-31":2465.41,"2014-03-31":2605.65,"2011-03-31":1692.91,"2015-03-31":2273.5,"2013-03-31":2140.77,"2006-03-31":959.99,"2012-03-31":1747.7,"2017-03-31":2709.66,"2010-03-31":1533.01,"2009-03-31":1239.69,"2007-03-31":1320.42}],["Total Liabilities",{"2008-03-31":32608.48,"2016-03-31":94837.9,"2014-03-31":74970.47,"2011-03-31":51699.08,"2015-03-31":83139.86,"2013-03-31":71302.07,"2006-03-31":20692.12,"2012-03-31":60626.77,"2017-03-31":115208.91,"2010-03-31":43822.31,"2009-03-31":38976.59,"2007-03-31":25170.64}],["Fixed Assets",{"2008-03-31":232.84,"2016-03-31":504.22,"2014-03-31":402.33,"2011-03-31":289.82,"2015-03-31":440.05,"2013-03-31":397.47,"2006-03-31":173.87,"2012-03-31":326.14,"2017-03-31":474.54,"2010-03-31":289.77,"2009-03-31":280.78,"2007-03-31":186.1}],["CWIP",{"2008-03-31":0.0,"2016-03-31":15.76,"2014-03-31":22.62,"2011-03-31":0.0,"2015-03-31":26.58,"2013-03-31":2.4,"2006-03-31":0.0,"2012-03-31":0.0,"2017-03-31":14.92,"2010-03-31":0.0,"2009-03-31":0.0,"2007-03-31":0.0}],["Investments",{"2008-03-31":10026.59,"2016-03-31":25155.49,"2014-03-31":24117.85,"2011-03-31":14537.67,"2015-03-31":20568.82,"2013-03-31":21154.59,"2006-03-31":6272.38,"2012-03-31":17402.49,"2017-03-31":28196.09,"2010-03-31":13054.65,"2009-03-31":12118.97,"2007-03-31":7032.66}],["Other Assets",{"2008-03-31":22349.05,"2016-03-31":69162.43,"2014-03-31":50427.67,"2011-03-31":36871.59,"2015-03-31":62104.41,"2013-03-31":49747.61,"2006-03-31":14245.87,"2012-03-31":42898.14,"2017-03-31":86523.36,"2010-03-31":30477.89,"2009-03-31":26576.84,"2007-03-31":17951.88}],["Total Assets",{"2008-03-31":32608.48,"2016-03-31":94837.9,"2014-03-31":74970.47,"2011-03-31":51699.08,"2015-03-31":83139.86,"2013-03-31":71302.07,"2006-03-31":20692.12,"2012-03-31":60626.77,"2017-03-31":115208.91,"2010-03-31":43822.31,"2009-03-31":38976.59,"2007-03-31":25170.64}]],"annual":[["Sales",{"2008-03-31":2515.44,"2016-03-31":7748.16,"2014-03-31":6946.08,"2011-03-31":4052.03,"2015-03-31":7419.47,"2013-03-31":6167.57,"2006-03-31":1436.53,"2012-03-31":5558.39,"2017-03-31":8677.38,"2010-03-31":3673.24,"2009-03-31":3315.38,"2007-03-31":1801.46}],["Expenses",{"2008-03-31":733.66,"2016-03-31":2490.81,"2014-03-31":1616.75,"2011-03-31":1307.32,"2015-03-31":1663.07,"2013-03-31":1366.64,"2006-03-31":526.39,"2012-03-31":1259.57,"2017-03-31":2705.78,"2010-03-31":1032.01,"2009-03-31":995.38,"2007-03-31":596.88}],["Operating Profit",{"2008-03-31":1781.78,"2016-03-31":5257.35,"2014-03-31":5329.33,"2011-03-31":2744.71,"2015-03-31":5756.4,"2013-03-31":4800.93,"2006-03-31":910.14,"2012-03-31":4298.82,"2017-03-31":5971.6,"2010-03-31":2641.23,"2009-03-31":2320.0,"2007-03-31":1204.58}],["OPM",{"2008-03-31":70.83,"2016-03-31":67.85,"2014-03-31":76.72,"2011-03-31":67.74,"2015-03-31":77.59,"2013-03-31":77.84,"2006-03-31":63.36,"2012-03-31":77.34,"2017-03-31":68.82,"2010-03-31":71.9,"2009-03-31":69.98,"2007-03-31":66.87}],["Other Income",{"2008-03-31":394.74,"2016-03-31":808.19,"2014-03-31":693.85,"2011-03-31":516.81,"2015-03-31":878.31,"2013-03-31":664.44,"2006-03-31":233.1,"2012-03-31":532.34,"2017-03-31":1081.81,"2010-03-31":530.91,"2009-03-31":515.77,"2007-03-31":302.58}],["Interest",{"2008-03-31":1647.42,"2016-03-31":5240.45,"2014-03-31":4717.47,"2011-03-31":2305.45,"2015-03-31":5039.06,"2013-03-31":4192.91,"2006-03-31":836.73,"2012-03-31":3604.99,"2017-03-31":5624.74,"2010-03-31":2262.4,"2009-03-31":1999.92,"2007-03-31":1084.96}],["Depreciation",{"2008-03-31":28.95,"2016-03-31":105.45,"2014-03-31":93.74,"2011-03-31":54.26,"2015-03-31":74.59,"2013-03-31":78.7,"2006-03-31":25.74,"2012-03-31":56.66,"2017-03-31":122.17,"2010-03-31":50.19,"2009-03-31":42.84,"2007-03-31":23.97}],["Profit before tax",{"2008-03-31":500.15,"2016-03-31":719.64,"2014-03-31":1211.98,"2011-03-31":901.81,"2015-03-31":1521.05,"2013-03-31":1193.76,"2006-03-31":280.77,"2012-03-31":1169.51,"2017-03-31":1306.5,"2010-03-31":859.55,"2009-03-31":793.01,"2007-03-31":398.23}],["Tax",{"2008-03-31":132.1,"2016-03-31":244.0,"2014-03-31":373.1,"2011-03-31":314.73,"2015-03-31":515.29,"2013-03-31":355.59,"2006-03-31":55.56,"2012-03-31":392.71,"2017-03-31":475.71,"2010-03-31":395.0,"2009-03-31":292.52,"2007-03-31":105.5}],["Net Profit",{"2008-03-31":368.05,"2016-03-31":475.65,"2014-03-31":838.89,"2011-03-31":587.08,"2015-03-31":1005.75,"2013-03-31":838.17,"2006-03-31":225.21,"2012-03-31":776.8,"2017-03-31":830.79,"2010-03-31":464.55,"2009-03-31":500.49,"2007-03-31":292.73}],["EPS (unadj)",{"2008-03-31":20.84,"2016-03-31":2.62,"2014-03-31":9.48,"2011-03-31":32.94,"2015-03-31":11.29,"2013-03-31":47.47,"2006-03-31":25.82,"2012-03-31":43.95,"2017-03-31":4.82,"2010-03-31":26.33,"2009-03-31":28.41,"2007-03-31":33.52}],["Dividend Payout",{"2008-03-31":18.62,"2016-03-31":25.32,"2014-03-31":20.42,"2011-03-31":24.8,"2015-03-31":18.77,"2013-03-31":18.4,"2006-03-31":13.31,"2012-03-31":19.85,"2017-03-31":18.69,"2010-03-31":18.44,"2009-03-31":17.12,"2007-03-31":11.7}]],"cashflow":[["Cash from Operating Activity",{"2008-03-31":-1525.86,"2016-03-31":-1519.26,"2014-03-31":1224.76,"2011-03-31":1268.5,"2015-03-31":5163.68,"2013-03-31":2899.17,"2006-03-31":8.88,"2012-03-31":-800.95,"2017-03-31":3756.99,"2010-03-31":-555.25,"2009-03-31":918.11,"2007-03-31":467.76}],["Cash from Investing Activity",{"2008-03-31":-137.47,"2016-03-31":1990.9,"2014-03-31":-736.36,"2011-03-31":-144.21,"2015-03-31":-1364.17,"2013-03-31":-3479.26,"2006-03-31":-11.74,"2012-03-31":-1598.5,"2017-03-31":-2383.34,"2010-03-31":-58.73,"2009-03-31":-155.76,"2007-03-31":-24.63}],["Cash from Financing Activity",{"2008-03-31":2095.68,"2016-03-31":168.17,"2014-03-31":320.99,"2011-03-31":-99.38,"2015-03-31":-3548.89,"2013-03-31":767.53,"2006-03-31":319.46,"2012-03-31":2183.7,"2017-03-31":658.71,"2010-03-31":-99.73,"2009-03-31":-70.74,"2007-03-31":-29.96}],["Net Cash Flow",{"2008-03-31":432.35,"2016-03-31":639.81,"2014-03-31":809.39,"2011-03-31":1024.91,"2015-03-31":250.62,"2013-03-31":187.44,"2006-03-31":316.6,"2012-03-31":-215.75,"2017-03-31":2032.36,"2010-03-31":-713.71,"2009-03-31":691.61,"2007-03-31":413.17}]],"quarters":[["Sales",{"2016-06-30":2013.77,"2016-12-31":2281.42,"2017-03-31":2315.95,"2017-06-30":2324.09,"2015-06-30":1913.63,"2015-03-31":1908.28,"2017-09-30":2379.6,"2015-12-31":1903.25,"2016-03-31":2026.67,"2017-12-31":2501.2,"2016-09-30":2066.25,"2015-09-30":1904.6}],["Expenses",{"2016-06-30":685.36,"2016-12-31":750.72,"2017-03-31":697.99,"2017-06-30":808.36,"2015-06-30":584.59,"2015-03-31":499.86,"2017-09-30":779.69,"2015-12-31":538.14,"2016-03-31":916.48,"2017-12-31":779.66,"2016-09-30":691.73,"2015-09-30":541.32}],["Operating Profit",{"2016-06-30":1328.41,"2016-12-31":1530.7,"2017-03-31":1617.96,"2017-06-30":1515.73,"2015-06-30":1329.04,"2015-03-31":1408.42,"2017-09-30":1599.91,"2015-12-31":1365.11,"2016-03-31":1110.19,"2017-12-31":1721.54,"2016-09-30":1374.52,"2015-09-30":1363.28}],["OPM",{"2016-06-30":65.97,"2016-12-31":67.09,"2017-03-31":69.86,"2017-06-30":65.22,"2015-06-30":69.45,"2015-03-31":73.81,"2017-09-30":67.23,"2015-12-31":71.73,"2016-03-31":54.78,"2017-12-31":68.83,"2016-09-30":66.52,"2015-09-30":71.58}],["Other Income",{"2016-06-30":250.07,"2016-12-31":275.41,"2017-03-31":282.11,"2017-06-30":329.1,"2015-06-30":193.46,"2015-03-31":306.0,"2017-09-30":287.22,"2015-12-31":182.82,"2016-03-31":236.27,"2017-12-31":228.63,"2016-09-30":272.07,"2015-09-30":179.93}],["Depreciation",{"2016-06-30":0.0,"2016-12-31":0.0,"2017-03-31":0.0,"2017-06-30":0.0,"2015-06-30":0.0,"2015-03-31":0.0,"2017-09-30":0.0,"2015-12-31":0.0,"2016-03-31":0.0,"2017-12-31":0.0,"2016-09-30":0.0,"2015-09-30":0.0}],["Interest",{"2016-06-30":1321.1,"2016-12-31":1490.03,"2017-03-31":1473.56,"2017-06-30":1523.42,"2015-06-30":1308.39,"2015-03-31":1285.05,"2017-09-30":1480.69,"2015-12-31":1297.56,"2016-03-31":1340.58,"2017-12-31":1551.2,"2016-09-30":1340.06,"2015-09-30":1293.92}],["Profit before tax",{"2016-06-30":257.38,"2016-12-31":316.08,"2017-03-31":426.51,"2017-06-30":321.41,"2015-06-30":214.11,"2015-03-31":429.37,"2017-09-30":406.44,"2015-12-31":250.37,"2016-03-31":5.88,"2017-12-31":398.97,"2016-09-30":306.53,"2015-09-30":249.29}],["Tax",{"2016-06-30":90.07,"2016-12-31":110.43,"2017-03-31":169.92,"2017-06-30":111.26,"2015-06-30":72.72,"2015-03-31":148.84,"2017-09-30":142.74,"2015-12-31":87.65,"2016-03-31":-4.38,"2017-12-31":138.96,"2016-09-30":105.29,"2015-09-30":88.01}],["Net Profit",{"2016-06-30":167.31,"2016-12-31":205.65,"2017-03-31":256.59,"2017-06-30":210.15,"2015-06-30":141.39,"2015-03-31":280.53,"2017-09-30":263.7,"2015-12-31":162.72,"2016-03-31":10.26,"2017-12-31":260.01,"2016-09-30":201.24,"2015-09-30":161.28}]]},"bse_code":"500469","short_name":"Federal Bank","nse_code":"FEDERALBNK","companyrating_set":[{"rating__rating":"CRISIL A1+","instrument":"Certificate of Deposit","rating__source":"crisil","link":"http://www.crisil.com/ratings/company-wise-ratings.jsp?txtSearch=Federal Bank Ltd"},{"rating__rating":"CRISIL A1+","instrument":"Short Term Deposit","rating__source":"crisil","link":"http://www.crisil.com/ratings/company-wise-ratings.jsp?txtSearch=Federal Bank Ltd"}],"annualreport_set":[{"source":"bse","report_date":2017,"link":"http://www.bseindia.com/bseplus/AnnualReport/500469/5004690317.pdf"},{"source":"bse","report_date":2016,"link":"http://www.bseindia.com/bseplus/AnnualReport/500469/5004690316.pdf"},{"source":"bse","report_date":2015,"link":"http://www.bseindia.com/bseplus/AnnualReport/500469/5004690315.pdf"},{"source":"bse","report_date":2014,"link":"http://www.bseindia.com/bseplus/AnnualReport/500469/5004690314.pdf"},{"source":"bse","report_date":2013,"link":"http://www.bseindia.com/bseplus/annualreport/500469/5004690313.pdf"},{"source":"bse","report_date":2012,"link":"http://www.bseindia.com/bseplus/annualreport/500469/5004690312.PDF"},{"source":"bse","report_date":2011,"link":"http://www.bseindia.com/bseplus/annualreport/500469/5004690311.pdf"},{"source":"bse","report_date":2010,"link":"http://www.bseindia.com/bseplus/annualreport/500469/5004690310.pdf"},{"source":"nse","report_date":2010,"link":"http://nseindia.com/annual_reports/AR_FEDERALBNK_2009_2010_13062011100515.zip"}],"announcement_set":[{"ann_date":"31 Mar 2018","announcement":"Board Meeting-Closure of Trading Window","link":"https://www.bseindia.com/corporates/anndet_new.aspx?newsid=e25f1e66-7754-48cc-975a-8a4d5f57f1fc"},{"ann_date":"28 Mar 2018","announcement":"Announcement under Regulation 30 (LODR)-Allotment of ESOP / ESPS","link":"https://www.bseindia.com/corporates/anndet_new.aspx?newsid=4fa6ec0b-9e01-49e8-bf14-e5c509e2b721"},{"ann_date":"07 Mar 2018","announcement":"Announcement under Regulation 30 (LODR)-Analyst / Investor Meet - Intimation","link":"https://www.bseindia.com/corporates/anndet_new.aspx?newsid=881345e8-a654-4a87-8e77-1a429d564fc2"},{"ann_date":"02 Mar 2018","announcement":"Announcement under Regulation 30 (LODR)-Allotment of ESOP / ESPS","link":"https://www.bseindia.com/corporates/anndet_new.aspx?newsid=ad5bb033-726d-4966-9ac9-cd89e401a9d6"},{"ann_date":"01 Mar 2018","announcement":"Announcement under Regulation 30 (LODR)-Retirement","link":"https://www.bseindia.com/corporates/anndet_new.aspx?newsid=096d60af-8559-49b4-b2ff-dadf3f747c5e"}],"warehouse_set":{"high_price":127.65,"low_price":87.0,"sales_growth":13.5,"current_price":97.25,"dividend_yield":0.81,"face_value":2.0,"id":1793,"sales_growth_3years":7.7,"profit_growth_5years":1.36,"average_return_on_equity_3years":9.77,"book_value":49.04,"status":"Active","pair_url":"/company/FEDERALBNK/consolidated","sales_growth_10years":14.75,"average_return_on_equity_10years":10.98,"profit_growth":69.46,"market_capitalization":19179.1,"profit_growth_10years":9.47,"price_to_earning":19.36,"industry":"Banks","analysis":{"remarks":[],"bad":["Company has low interest coverage ratio.","The company has delivered a poor growth of 9.32% over past five years.","Company has a low return on equity of 9.77% for last 3 years.","Contingent liabilities of Rs.25803.48 Cr."],"good":["Company has been maintaining a healthy dividend payout of 20.09%"]},"result_type":"sa","profit_growth_3years":-0.29,"sales_growth_5years":9.32,"return_on_equity":9.76,"average_return_on_equity_5years":10.97},"id":1002,"name":"Federal Bank Ltd"}
