{"prime":"sa","number_set":{"balancesheet":[["Share Capital",{"2009-12-31":84.7,"2017-03-31":84.7,"2016-03-31":84.7,"2006-12-31":84.7,"2008-12-31":84.7,"2012-12-31":84.7,"2015-03-31":84.7,"2010-12-31":84.7,"2005-12-31":84.7,"2013-12-31":84.7,"2007-12-31":84.7,"2011-12-31":84.7}],["Reserves",{"2009-12-31":1674.45,"2017-03-31":1943.51,"2016-03-31":2119.94,"2006-12-31":1110.01,"2008-12-31":1456.39,"2012-12-31":1925.31,"2015-03-31":1766.97,"2010-12-31":1846.11,"2005-12-31":863.9,"2013-12-31":1932.49,"2007-12-31":1276.22,"2011-12-31":1835.23}],["Borrowings",{"2009-12-31":5.42,"2017-03-31":1.6,"2016-03-31":2.37,"2006-12-31":5.54,"2008-12-31":5.65,"2012-12-31":4.59,"2015-03-31":3.12,"2010-12-31":5.16,"2005-12-31":4.86,"2013-12-31":4.14,"2007-12-31":5.76,"2011-12-31":4.9}],["Other Liabilities",{"2009-12-31":707.21,"2017-03-31":1005.98,"2016-03-31":872.96,"2006-12-31":1835.59,"2008-12-31":735.21,"2012-12-31":1078.28,"2015-03-31":1391.73,"2010-12-31":855.5,"2005-12-31":1627.81,"2013-12-31":1133.33,"2007-12-31":647.14,"2011-12-31":1092.19}],["Total Liabilities",{"2009-12-31":2471.78,"2017-03-31":3035.79,"2016-03-31":3079.97,"2006-12-31":3035.84,"2008-12-31":2281.95,"2012-12-31":3092.88,"2015-03-31":3246.52,"2010-12-31":2791.47,"2005-12-31":2581.27,"2013-12-31":3154.66,"2007-12-31":2013.82,"2011-12-31":3017.02}],["Fixed Assets",{"2009-12-31":92.81,"2017-03-31":252.71,"2016-03-31":204.04,"2006-12-31":85.8,"2008-12-31":90.4,"2012-12-31":89.4,"2015-03-31":123.06,"2010-12-31":108.93,"2005-12-31":81.57,"2013-12-31":100.07,"2007-12-31":87.47,"2011-12-31":99.13}],["CWIP",{"2009-12-31":21.36,"2017-03-31":605.46,"2016-03-31":267.67,"2006-12-31":8.66,"2008-12-31":9.95,"2012-12-31":43.79,"2015-03-31":115.22,"2010-12-31":8.72,"2005-12-31":15.37,"2013-12-31":61.86,"2007-12-31":5.43,"2011-12-31":16.19}],["Investments",{"2009-12-31":190.91,"2017-03-31":52.99,"2016-03-31":53.63,"2006-12-31":1139.41,"2008-12-31":751.87,"2012-12-31":102.58,"2015-03-31":47.67,"2010-12-31":160.35,"2005-12-31":913.06,"2013-12-31":57.67,"2007-12-31":1333.32,"2011-12-31":159.8}],["Other Assets",{"2009-12-31":2166.7,"2017-03-31":2124.63,"2016-03-31":2554.63,"2006-12-31":1801.97,"2008-12-31":1429.73,"2012-12-31":2857.11,"2015-03-31":2960.57,"2010-12-31":2513.47,"2005-12-31":1571.27,"2013-12-31":2935.06,"2007-12-31":587.6,"2011-12-31":2741.9}],["Total Assets",{"2009-12-31":2471.78,"2017-03-31":3035.79,"2016-03-31":3079.97,"2006-12-31":3035.84,"2008-12-31":2281.95,"2012-12-31":3092.88,"2015-03-31":3246.52,"2010-12-31":2791.47,"2005-12-31":2581.27,"2013-12-31":3154.66,"2007-12-31":2013.82,"2011-12-31":3017.02}]],"annual":[["Sales",{"2009-12-31":1870.77,"2017-03-31":2994.51,"2016-03-31":2826.21,"2006-12-31":1552.92,"2008-12-31":1660.41,"2012-12-31":2626.43,"2015-03-31":3287.58,"2010-12-31":2111.64,"2005-12-31":1485.3,"2013-12-31":2546.15,"2007-12-31":1577.14,"2011-12-31":2338.03}],["Expenses",{"2009-12-31":1233.64,"2017-03-31":2577.01,"2016-03-31":2363.14,"2006-12-31":1091.34,"2008-12-31":1151.97,"2012-12-31":1959.37,"2015-03-31":2712.29,"2010-12-31":1400.35,"2005-12-31":1097.94,"2013-12-31":2024.71,"2007-12-31":1107.62,"2011-12-31":1878.18}],["Operating Profit",{"2009-12-31":637.13,"2017-03-31":417.5,"2016-03-31":463.07,"2006-12-31":461.58,"2008-12-31":508.44,"2012-12-31":667.06,"2015-03-31":575.29,"2010-12-31":711.29,"2005-12-31":387.36,"2013-12-31":521.44,"2007-12-31":469.52,"2011-12-31":459.85}],["OPM",{"2009-12-31":34.06,"2017-03-31":13.94,"2016-03-31":16.38,"2006-12-31":29.72,"2008-12-31":30.62,"2012-12-31":25.4,"2015-03-31":17.5,"2010-12-31":33.68,"2005-12-31":26.08,"2013-12-31":20.48,"2007-12-31":29.77,"2011-12-31":19.67}],["Other Income",{"2009-12-31":152.87,"2017-03-31":120.18,"2016-03-31":138.24,"2006-12-31":295.18,"2008-12-31":310.7,"2012-12-31":197.35,"2015-03-31":199.14,"2010-12-31":147.73,"2005-12-31":302.79,"2013-12-31":228.11,"2007-12-31":338.52,"2011-12-31":159.95}],["Interest",{"2009-12-31":0.37,"2017-03-31":0.25,"2016-03-31":0.42,"2006-12-31":1.35,"2008-12-31":0.53,"2012-12-31":0.0,"2015-03-31":0.47,"2010-12-31":0.62,"2005-12-31":2.36,"2013-12-31":0.33,"2007-12-31":0.63,"2011-12-31":0.33}],["Depreciation",{"2009-12-31":16.37,"2017-03-31":26.35,"2016-03-31":24.95,"2006-12-31":15.85,"2008-12-31":16.34,"2012-12-31":17.84,"2015-03-31":25.35,"2010-12-31":17.63,"2005-12-31":15.73,"2013-12-31":19.88,"2007-12-31":16.16,"2011-12-31":20.41}],["Profit before tax",{"2009-12-31":773.26,"2017-03-31":511.08,"2016-03-31":575.94,"2006-12-31":739.56,"2008-12-31":802.27,"2012-12-31":846.56,"2015-03-31":748.63,"2010-12-31":840.77,"2005-12-31":672.06,"2013-12-31":729.32,"2007-12-31":791.25,"2011-12-31":599.06}],["Tax",{"2009-12-31":260.97,"2017-03-31":174.3,"2016-03-31":201.41,"2006-12-31":194.05,"2008-12-31":225.7,"2012-12-31":269.31,"2015-03-31":276.97,"2010-12-31":277.08,"2005-12-31":169.98,"2013-12-31":227.43,"2007-12-31":253.59,"2011-12-31":168.46}],["Net Profit",{"2009-12-31":512.29,"2017-03-31":336.78,"2016-03-31":374.53,"2006-12-31":545.51,"2008-12-31":576.57,"2012-12-31":577.26,"2015-03-31":471.65,"2010-12-31":563.69,"2005-12-31":502.08,"2013-12-31":501.88,"2007-12-31":537.66,"2011-12-31":430.6}],["EPS (unadj)",{"2009-12-31":55.74,"2017-03-31":29.58,"2016-03-31":31.49,"2006-12-31":60.06,"2008-12-31":61.27,"2012-12-31":60.63,"2015-03-31":34.37,"2010-12-31":60.27,"2005-12-31":55.35,"2013-12-31":50.85,"2007-12-31":57.36,"2011-12-31":43.72}],["Dividend Payout",{"2009-12-31":49.61,"2017-03-31":75.46,"2016-03-31":113.09,"2006-12-31":48.14,"2008-12-31":58.77,"2012-12-31":73.37,"2015-03-31":112.25,"2010-12-31":60.11,"2005-12-31":47.24,"2013-12-31":84.39,"2007-12-31":56.72,"2011-12-31":88.52}]],"cashflow":[["Cash from Operating Activity",{"2009-12-31":503.3,"2017-03-31":233.13,"2016-03-31":138.27,"2006-12-31":250.51,"2008-12-31":319.42,"2012-12-31":293.63,"2015-03-31":340.88,"2010-12-31":467.55,"2005-12-31":344.2,"2013-12-31":267.42,"2007-12-31":306.97,"2011-12-31":321.56}],["Cash from Investing Activity",{"2009-12-31":654.82,"2017-03-31":303.24,"2016-03-31":499.09,"2006-12-31":5.95,"2008-12-31":787.3,"2012-12-31":-92.57,"2015-03-31":177.62,"2010-12-31":101.99,"2005-12-31":84.1,"2013-12-31":197.98,"2007-12-31":111.54,"2011-12-31":368.48}],["Cash from Financing Activity",{"2009-12-31":-391.77,"2017-03-31":-510.76,"2016-03-31":-638.33,"2006-12-31":-269.13,"2008-12-31":-355.31,"2012-12-31":-437.07,"2015-03-31":-496.99,"2010-12-31":-294.09,"2005-12-31":-444.03,"2013-12-31":-490.08,"2007-12-31":-298.52,"2011-12-31":-391.82}],["Net Cash Flow",{"2009-12-31":766.35,"2017-03-31":25.61,"2016-03-31":-0.98,"2006-12-31":-12.67,"2008-12-31":751.41,"2012-12-31":-236.01,"2015-03-31":21.51,"2010-12-31":275.45,"2005-12-31":-15.73,"2013-12-31":-24.68,"2007-12-31":119.99,"2011-12-31":298.22}]],"quarters":[["Sales",{"2016-06-30":705.33,"2016-12-31":706.38,"2017-03-31":783.68,"2017-06-30":607.09,"2015-06-30":651.7,"2015-03-31":618.06,"2017-09-30":836.26,"2015-12-31":750.69,"2016-03-31":706.29,"2017-12-31":703.91,"2016-09-30":799.12,"2015-09-30":717.53}],["Expenses",{"2016-06-30":614.98,"2016-12-31":654.27,"2017-03-31":646.94,"2017-06-30":587.41,"2015-06-30":542.96,"2015-03-31":498.1,"2017-09-30":644.17,"2015-12-31":645.91,"2016-03-31":576.84,"2017-12-31":562.1,"2016-09-30":658.38,"2015-09-30":597.27}],["Operating Profit",{"2016-06-30":90.35,"2016-12-31":52.11,"2017-03-31":136.74,"2017-06-30":19.68,"2015-06-30":108.74,"2015-03-31":119.96,"2017-09-30":192.09,"2015-12-31":104.78,"2016-03-31":129.45,"2017-12-31":141.81,"2016-09-30":140.74,"2015-09-30":120.26}],["OPM",{"2016-06-30":12.81,"2016-12-31":7.38,"2017-03-31":17.45,"2017-06-30":3.24,"2015-06-30":16.69,"2015-03-31":19.41,"2017-09-30":22.97,"2015-12-31":13.96,"2016-03-31":18.33,"2017-12-31":20.15,"2016-09-30":17.61,"2015-09-30":16.76}],["Other Income",{"2016-06-30":25.84,"2016-12-31":32.66,"2017-03-31":40.75,"2017-06-30":26.3,"2015-06-30":39.88,"2015-03-31":40.48,"2017-09-30":14.77,"2015-12-31":26.47,"2016-03-31":39.97,"2017-12-31":11.95,"2016-09-30":18.24,"2015-09-30":31.34}],["Depreciation",{"2016-06-30":5.37,"2016-12-31":6.61,"2017-03-31":7.79,"2017-06-30":7.52,"2015-06-30":4.92,"2015-03-31":4.75,"2017-09-30":7.73,"2015-12-31":7.81,"2016-03-31":6.89,"2017-12-31":13.38,"2016-09-30":6.58,"2015-09-30":5.33}],["Interest",{"2016-06-30":0.0,"2016-12-31":0.0,"2017-03-31":0.0,"2017-06-30":0.0,"2015-06-30":0.0,"2015-03-31":0.0,"2017-09-30":0.0,"2015-12-31":0.0,"2016-03-31":0.0,"2017-12-31":0.0,"2016-09-30":0.0,"2015-09-30":0.0}],["Profit before tax",{"2016-06-30":110.82,"2016-12-31":78.16,"2017-03-31":169.7,"2017-06-30":38.46,"2015-06-30":143.7,"2015-03-31":155.69,"2017-09-30":199.13,"2015-12-31":123.44,"2016-03-31":162.53,"2017-12-31":140.38,"2016-09-30":152.4,"2015-09-30":146.27}],["Tax",{"2016-06-30":38.55,"2016-12-31":25.21,"2017-03-31":56.99,"2017-06-30":12.04,"2015-06-30":49.69,"2015-03-31":52.84,"2017-09-30":68.81,"2015-12-31":44.51,"2016-03-31":56.49,"2017-12-31":50.69,"2016-09-30":53.55,"2015-09-30":50.72}],["Net Profit",{"2016-06-30":72.27,"2016-12-31":52.95,"2017-03-31":112.71,"2017-06-30":26.42,"2015-06-30":94.01,"2015-03-31":102.85,"2017-09-30":130.32,"2015-12-31":78.93,"2016-03-31":106.04,"2017-12-31":89.69,"2016-09-30":98.85,"2015-09-30":95.55}]]},"bse_code":"500660","short_name":"Glaxosmi. Pharma","nse_code":"GLAXO","companyrating_set":[],"annualreport_set":[{"source":"bse","report_date":2017,"link":"http://www.bseindia.com/bseplus/AnnualReport/500660/5006600317.pdf"},{"source":"bse","report_date":2016,"link":"http://www.bseindia.com/bseplus/AnnualReport/500660/5006600316.pdf"},{"source":"bse","report_date":2015,"link":"http://www.bseindia.com/bseplus/AnnualReport/500660/5006600315.pdf"},{"source":"bse","report_date":2013,"link":"http://www.bseindia.com/bseplus/annualreport/500660/5006601213.pdf"},{"source":"nse","report_date":2013,"link":"http://nseindia.com/annual_reports/AR_3217_GLAXO_2013_2013_24032014174919.zip"},{"source":"bse","report_date":2012,"link":"http://www.bseindia.com/bseplus/annualreport/500660/5006601212.pdf"},{"source":"nse","report_date":2012,"link":"http://nseindia.com/annual_reports/AR_347_GLAXO_2012_2012_05072013102200.zip"},{"source":"bse","report_date":2011,"link":"http://www.bseindia.com/bseplus/annualreport/500660/5006601211.PDF"},{"source":"bse","report_date":2010,"link":"http://www.bseindia.com/bseplus/annualreport/500660/5006601210.pdf"},{"source":"nse","report_date":2010,"link":"http://nseindia.com/annual_reports/AR_GLAXO_2010_2010_08042011102533.zip"},{"source":"nse","report_date":2009,"link":"http://nseindia.com/annual_reports/AR_GLAXO_2009_2009_23092010120000.zip"}],"announcement_set":[{"ann_date":"06 Apr 2018","announcement":"Compliance Certificate For Half Year Ended 31St March 2018","link":"https://www.bseindia.com/corporates/anndet_new.aspx?newsid=5bc49dd7-d5c7-421e-972c-cbe4cf267edf"},{"ann_date":"06 Apr 2018","announcement":"Statement Of Investor Complaints For The Quarter Ended March 2018","link":"https://www.bseindia.com/corporates/anndet_new.aspx?newsid=66f2da66-7ccb-4756-848c-5a863cef1596"},{"ann_date":"05 Apr 2018","announcement":"Shareholding for the Period Ended March 31, 2018","link":"https://www.bseindia.com/corporates/anndet_new.aspx?newsid=6d479c77-19ab-45d8-972a-ed4e8a1939ea"},{"ann_date":"28 Mar 2018","announcement":"Board Meeting-Closure of Trading Window","link":"https://www.bseindia.com/corporates/anndet_new.aspx?newsid=874b0e14-b4da-412e-934b-f9b346ff9574"},{"ann_date":"28 Mar 2018","announcement":"Board Meeting-Closure of Trading Window","link":"https://www.bseindia.com/corporates/anndet_new.aspx?newsid=de4dc498-96f4-404a-acdd-89263cbad10f"}],"warehouse_set":{"high_price":2763.4,"low_price":2020.0,"sales_growth":0.47,"current_price":2276.55,"dividend_yield":1.32,"face_value":10.0,"id":934,"sales_growth_3years":5.56,"profit_growth_5years":-12.31,"average_return_on_equity_3years":19.42,"book_value":268.55,"status":"Active","pair_url":"/company/GLAXO/consolidated","sales_growth_10years":7.38,"average_return_on_equity_10years":26.8,"profit_growth":8.79,"market_capitalization":19282.38,"profit_growth_10years":-2.79,"price_to_earning":58.45,"industry":"Pharmaceuticals","analysis":{"remarks":[],"bad":["Stock is trading at 8.48 times its book value","The company has delivered a poor growth of 5.07% over past five years."],"good":["Company has reduced debt.","Company is virtually debt free.","Company has been maintaining a healthy dividend payout of 102.04%"]},"result_type":"sa","profit_growth_3years":-14.06,"sales_growth_5years":5.07,"return_on_equity":14.48,"average_return_on_equity_5years":23.28},"id":1143,"name":"Glaxosmithkline Pharmaceuticals Ltd"}
