{"prime":"con","number_set":{"balancesheet":[["Share Capital",{"2008-03-31":31.98,"2016-03-31":33.6,"2014-03-31":33.12,"2011-03-31":31.76,"2015-03-31":33.59,"2013-03-31":33.52,"2006-03-31":29.19,"2012-03-31":31.76,"2017-03-31":33.61,"2010-03-31":31.76,"2009-03-31":31.98,"2007-03-31":29.19}],["Reserves",{"2008-03-31":1009.73,"2016-03-31":1723.26,"2014-03-31":1401.81,"2011-03-31":1046.89,"2015-03-31":1624.69,"2013-03-31":1582.88,"2006-03-31":319.26,"2012-03-31":1190.23,"2017-03-31":1581.82,"2010-03-31":978.07,"2009-03-31":981.05,"2007-03-31":363.18}],["Borrowings",{"2008-03-31":435.67,"2016-03-31":2658.34,"2014-03-31":1415.9,"2011-03-31":554.34,"2015-03-31":2022.38,"2013-03-31":926.21,"2006-03-31":327.14,"2012-03-31":506.73,"2017-03-31":2861.52,"2010-03-31":547.61,"2009-03-31":600.96,"2007-03-31":467.69}],["Other Liabilities",{"2008-03-31":379.99,"2016-03-31":411.64,"2014-03-31":798.16,"2011-03-31":608.13,"2015-03-31":651.55,"2013-03-31":602.33,"2006-03-31":290.97,"2012-03-31":899.19,"2017-03-31":531.04,"2010-03-31":335.62,"2009-03-31":269.71,"2007-03-31":312.95}],["Total Liabilities",{"2008-03-31":1857.37,"2016-03-31":4826.84,"2014-03-31":3648.99,"2011-03-31":2241.12,"2015-03-31":4332.21,"2013-03-31":3144.94,"2006-03-31":966.56,"2012-03-31":2627.91,"2017-03-31":5007.99,"2010-03-31":1893.06,"2009-03-31":1883.7,"2007-03-31":1173.01}],["Fixed Assets",{"2008-03-31":266.49,"2016-03-31":1172.33,"2014-03-31":614.63,"2011-03-31":314.17,"2015-03-31":647.8,"2013-03-31":321.38,"2006-03-31":280.72,"2012-03-31":331.5,"2017-03-31":1400.27,"2010-03-31":276.31,"2009-03-31":263.87,"2007-03-31":269.55}],["CWIP",{"2008-03-31":4.94,"2016-03-31":209.72,"2014-03-31":382.0,"2011-03-31":4.35,"2015-03-31":666.96,"2013-03-31":489.02,"2006-03-31":5.22,"2012-03-31":141.79,"2017-03-31":10.01,"2010-03-31":22.31,"2009-03-31":24.84,"2007-03-31":17.49}],["Investments",{"2008-03-31":775.48,"2016-03-31":2623.02,"2014-03-31":2048.26,"2011-03-31":1233.74,"2015-03-31":2377.78,"2013-03-31":1339.25,"2006-03-31":371.35,"2012-03-31":1353.81,"2017-03-31":2911.49,"2010-03-31":1147.63,"2009-03-31":1148.08,"2007-03-31":485.67}],["Other Assets",{"2008-03-31":810.46,"2016-03-31":821.77,"2014-03-31":604.1,"2011-03-31":688.86,"2015-03-31":639.67,"2013-03-31":995.29,"2006-03-31":309.27,"2012-03-31":800.81,"2017-03-31":686.22,"2010-03-31":446.81,"2009-03-31":446.91,"2007-03-31":400.3}],["Total Assets",{"2008-03-31":1857.37,"2016-03-31":4826.84,"2014-03-31":3648.99,"2011-03-31":2241.12,"2015-03-31":4332.21,"2013-03-31":3144.94,"2006-03-31":966.56,"2012-03-31":2627.91,"2017-03-31":5007.99,"2010-03-31":1893.06,"2009-03-31":1883.7,"2007-03-31":1173.01}]],"annual":[["Sales",{"2008-03-31":735.31,"2016-03-31":1302.95,"2014-03-31":1453.55,"2011-03-31":1112.33,"2015-03-31":1454.64,"2013-03-31":1464.63,"2006-03-31":745.48,"2012-03-31":1438.04,"2017-03-31":1500.09,"2010-03-31":816.37,"2009-03-31":816.24,"2007-03-31":654.78}],["Expenses",{"2008-03-31":688.3,"2016-03-31":1209.76,"2014-03-31":1354.2,"2011-03-31":1026.56,"2015-03-31":1379.59,"2013-03-31":1387.97,"2006-03-31":707.52,"2012-03-31":1264.36,"2017-03-31":1432.03,"2010-03-31":824.87,"2009-03-31":884.21,"2007-03-31":650.97}],["Operating Profit",{"2008-03-31":47.01,"2016-03-31":93.19,"2014-03-31":99.35,"2011-03-31":85.77,"2015-03-31":75.05,"2013-03-31":76.66,"2006-03-31":37.96,"2012-03-31":173.68,"2017-03-31":68.06,"2010-03-31":-8.5,"2009-03-31":-67.97,"2007-03-31":3.81}],["OPM",{"2008-03-31":6.39,"2016-03-31":7.15,"2014-03-31":6.83,"2011-03-31":7.71,"2015-03-31":5.16,"2013-03-31":5.23,"2006-03-31":5.09,"2012-03-31":12.08,"2017-03-31":4.54,"2010-03-31":-1.04,"2009-03-31":-8.33,"2007-03-31":0.58}],["Other Income",{"2008-03-31":126.77,"2016-03-31":159.68,"2014-03-31":148.04,"2011-03-31":142.21,"2015-03-31":233.88,"2013-03-31":112.14,"2006-03-31":99.7,"2012-03-31":125.09,"2017-03-31":46.88,"2010-03-31":177.3,"2009-03-31":171.48,"2007-03-31":139.97}],["Interest",{"2008-03-31":38.27,"2016-03-31":200.24,"2014-03-31":94.84,"2011-03-31":63.12,"2015-03-31":148.17,"2013-03-31":64.82,"2006-03-31":28.88,"2012-03-31":70.53,"2017-03-31":207.86,"2010-03-31":60.42,"2009-03-31":61.15,"2007-03-31":39.01}],["Depreciation",{"2008-03-31":25.47,"2016-03-31":44.37,"2014-03-31":24.61,"2011-03-31":28.85,"2015-03-31":28.59,"2013-03-31":23.12,"2006-03-31":22.59,"2012-03-31":27.19,"2017-03-31":52.43,"2010-03-31":28.39,"2009-03-31":26.46,"2007-03-31":24.26}],["Profit before tax",{"2008-03-31":110.04,"2016-03-31":8.26,"2014-03-31":124.88,"2011-03-31":136.01,"2015-03-31":132.17,"2013-03-31":97.16,"2006-03-31":86.19,"2012-03-31":201.05,"2017-03-31":-145.35,"2010-03-31":79.99,"2009-03-31":15.9,"2007-03-31":80.51}],["Tax",{"2008-03-31":1.23,"2016-03-31":-25.95,"2014-03-31":5.19,"2011-03-31":2.58,"2015-03-31":-16.64,"2013-03-31":0.42,"2006-03-31":14.99,"2012-03-31":-0.51,"2017-03-31":-0.11,"2010-03-31":-0.93,"2009-03-31":-2.18,"2007-03-31":2.45}],["Net Profit",{"2008-03-31":108.81,"2016-03-31":34.21,"2014-03-31":119.69,"2011-03-31":133.43,"2015-03-31":148.81,"2013-03-31":96.74,"2006-03-31":71.2,"2012-03-31":201.56,"2017-03-31":-145.24,"2010-03-31":80.92,"2009-03-31":18.08,"2007-03-31":78.06}],["EPS (unadj)",{"2008-03-31":3.19,"2016-03-31":0.66,"2014-03-31":3.31,"2011-03-31":3.92,"2015-03-31":4.07,"2013-03-31":2.6,"2006-03-31":13.93,"2012-03-31":6.06,"2017-03-31":0.0,"2010-03-31":2.3,"2009-03-31":0.35,"2007-03-31":2.5}],["Dividend Payout",{"2008-03-31":36.73,"2016-03-31":171.87,"2014-03-31":48.41,"2011-03-31":41.66,"2015-03-31":39.5,"2013-03-31":60.63,"2006-03-31":34.16,"2012-03-31":27.58,"2017-03-31":-40.5,"2010-03-31":58.88,"2009-03-31":221.07,"2007-03-31":37.39}]],"cashflow":[["Cash from Operating Activity",{"2008-03-31":50.3,"2016-03-31":-362.73,"2014-03-31":40.86,"2011-03-31":109.37,"2015-03-31":-123.78,"2013-03-31":13.54,"2006-03-31":15.29,"2012-03-31":203.98,"2017-03-31":206.89,"2010-03-31":76.77,"2009-03-31":44.5,"2007-03-31":-8.99}],["Cash from Investing Activity",{"2008-03-31":-262.62,"2016-03-31":-0.57,"2014-03-31":-240.46,"2011-03-31":32.12,"2015-03-31":-298.18,"2013-03-31":-691.01,"2006-03-31":-35.46,"2012-03-31":-4.47,"2017-03-31":-185.11,"2010-03-31":99.45,"2009-03-31":-367.59,"2007-03-31":-51.52}],["Cash from Financing Activity",{"2008-03-31":481.24,"2016-03-31":251.18,"2014-03-31":230.46,"2011-03-31":-113.01,"2015-03-31":455.67,"2013-03-31":651.83,"2006-03-31":18.99,"2012-03-31":-183.58,"2017-03-31":5.64,"2010-03-31":-189.64,"2009-03-31":57.31,"2007-03-31":73.28}],["Net Cash Flow",{"2008-03-31":268.92,"2016-03-31":-112.12,"2014-03-31":30.86,"2011-03-31":28.48,"2015-03-31":33.71,"2013-03-31":-25.64,"2006-03-31":-1.18,"2012-03-31":15.93,"2017-03-31":27.42,"2010-03-31":-13.42,"2009-03-31":-265.78,"2007-03-31":12.77}]],"quarters":[["Sales",{"2016-06-30":332.7,"2016-12-31":385.85,"2017-03-31":432.61,"2017-06-30":494.87,"2015-06-30":332.25,"2015-03-31":309.22,"2017-09-30":480.78,"2015-12-31":294.64,"2016-03-31":322.38,"2017-12-31":495.13,"2016-09-30":350.16,"2015-09-30":376.58}],["Expenses",{"2016-06-30":308.99,"2016-12-31":368.44,"2017-03-31":420.33,"2017-06-30":399.77,"2015-06-30":302.4,"2015-03-31":320.02,"2017-09-30":402.92,"2015-12-31":295.23,"2016-03-31":349.0,"2017-12-31":460.19,"2016-09-30":335.49,"2015-09-30":326.94}],["Operating Profit",{"2016-06-30":23.71,"2016-12-31":17.41,"2017-03-31":12.28,"2017-06-30":95.1,"2015-06-30":29.85,"2015-03-31":-10.8,"2017-09-30":77.86,"2015-12-31":-0.59,"2016-03-31":-26.62,"2017-12-31":34.94,"2016-09-30":14.67,"2015-09-30":49.64}],["OPM",{"2016-06-30":7.13,"2016-12-31":4.51,"2017-03-31":2.84,"2017-06-30":19.22,"2015-06-30":8.98,"2015-03-31":-3.49,"2017-09-30":16.19,"2015-12-31":-0.2,"2016-03-31":-8.26,"2017-12-31":7.06,"2016-09-30":4.19,"2015-09-30":13.18}],["Other Income",{"2016-06-30":6.82,"2016-12-31":6.5,"2017-03-31":20.33,"2017-06-30":8.23,"2015-06-30":20.99,"2015-03-31":86.0,"2017-09-30":7.35,"2015-12-31":104.57,"2016-03-31":14.57,"2017-12-31":274.62,"2016-09-30":13.23,"2015-09-30":60.46}],["Depreciation",{"2016-06-30":12.09,"2016-12-31":13.44,"2017-03-31":14.56,"2017-06-30":14.33,"2015-06-30":9.13,"2015-03-31":7.27,"2017-09-30":14.36,"2015-12-31":10.89,"2016-03-31":13.14,"2017-12-31":14.38,"2016-09-30":12.34,"2015-09-30":11.21}],["Interest",{"2016-06-30":52.25,"2016-12-31":52.78,"2017-03-31":52.3,"2017-06-30":54.94,"2015-06-30":48.08,"2015-03-31":46.35,"2017-09-30":53.79,"2015-12-31":41.96,"2016-03-31":51.32,"2017-12-31":50.72,"2016-09-30":50.53,"2015-09-30":58.88}],["Profit before tax",{"2016-06-30":-33.81,"2016-12-31":-42.31,"2017-03-31":-34.25,"2017-06-30":34.06,"2015-06-30":-6.37,"2015-03-31":21.58,"2017-09-30":17.06,"2015-12-31":51.13,"2016-03-31":-76.51,"2017-12-31":244.46,"2016-09-30":-34.97,"2015-09-30":40.01}],["Tax",{"2016-06-30":0.0,"2016-12-31":0.0,"2017-03-31":-0.11,"2017-06-30":0.0,"2015-06-30":-18.38,"2015-03-31":-22.32,"2017-09-30":0.0,"2015-12-31":1.71,"2016-03-31":-10.64,"2017-12-31":6.0,"2016-09-30":0.0,"2015-09-30":1.36}],["Net Profit",{"2016-06-30":-33.81,"2016-12-31":-42.31,"2017-03-31":-34.14,"2017-06-30":34.06,"2015-06-30":12.01,"2015-03-31":43.9,"2017-09-30":17.06,"2015-12-31":49.42,"2016-03-31":-65.87,"2017-12-31":238.46,"2016-09-30":-34.97,"2015-09-30":38.65}]]},"bse_code":"500164","short_name":"Godrej Inds.","nse_code":"GODREJIND","companyrating_set":[{"rating__rating":"[ICRA]AA(stable)","instrument":"Bank Loan Rating-Long Term","rating__source":"icra","link":"http://icra.in/search.aspx?word=Godrej Industries Ltd"},{"rating__rating":"MAA+ (Stable)","instrument":"Bank Loan Rating-Medium Term","rating__source":"icra","link":"http://icra.in/search.aspx?word=Godrej Industries Ltd"},{"rating__rating":"[ICRA]A1+","instrument":"Bank Loan Rating-Short Term","rating__source":"icra","link":"http://icra.in/search.aspx?word=Godrej Industries Ltd"},{"rating__rating":"[ICRA]AA(stable)","instrument":"Corporate Debt Rating-Long Term","rating__source":"icra","link":"http://icra.in/search.aspx?word=Godrej Industries Ltd"},{"rating__rating":"MAA+ (Stable)","instrument":"Corporate Debt Rating-Medium Term","rating__source":"icra","link":"http://icra.in/search.aspx?word=Godrej Industries Ltd"},{"rating__rating":"[ICRA]A1+","instrument":"Corporate Debt Rating-Short Term","rating__source":"icra","link":"http://icra.in/search.aspx?word=Godrej Industries Ltd"}],"annualreport_set":[{"source":"bse","report_date":2017,"link":"http://www.bseindia.com/bseplus/AnnualReport/500164/5001640317.pdf"},{"source":"bse","report_date":2016,"link":"http://www.bseindia.com/bseplus/AnnualReport/500164/5001640316.pdf"},{"source":"bse","report_date":2015,"link":"http://www.bseindia.com/bseplus/AnnualReport/500164/5001640315.pdf"},{"source":"bse","report_date":2014,"link":"http://www.bseindia.com/bseplus/AnnualReport/500164/5001640314.pdf"},{"source":"bse","report_date":2013,"link":"http://www.bseindia.com/bseplus/annualreport/500164/5001640313.pdf"},{"source":"nse","report_date":2012,"link":"http://nseindia.com/annual_reports/AR_GODREJPROP_2011_2012_03072012124532.zip"},{"source":"bse","report_date":2011,"link":"http://www.bseindia.com/bseplus/annualreport/500164/5001640311.pdf"},{"source":"nse","report_date":2011,"link":"http://nseindia.com/annual_reports/AR_GODREJIND_2010_2011_15072011112526.zip"},{"source":"bse","report_date":2010,"link":"http://www.bseindia.com/bseplus/annualreport/500164/500164_2009-10.pdf"},{"source":"nse","report_date":2010,"link":"http://nseindia.com/annual_reports/AR_GODREJIND_2009_2010_20082010120000.zip"}],"announcement_set":[{"ann_date":"13 Mar 2018","announcement":"Announcement under Regulation 30 (LODR)-Allotment of ESOP / ESPS","link":"https://www.bseindia.com/corporates/anndet_new.aspx?newsid=57827cc8-16ae-4796-a69e-ebd9a1a460d4"},{"ann_date":"14 Feb 2018","announcement":"Announcement under Regulation 30 (LODR)-Updates","link":"https://www.bseindia.com/corporates/anndet_new.aspx?newsid=7ac21d85-0ab9-44c5-80c6-b91348e4add8"},{"ann_date":"14 Feb 2018","announcement":"Announcement under Regulation 30 (LODR)-Updates","link":"https://www.bseindia.com/corporates/anndet_new.aspx?newsid=398e7888-76f3-4427-a0e1-d9a073bfbf1d"},{"ann_date":"14 Feb 2018","announcement":"Financial Results For Quarter And Nine Months Ended December 31, 2017","link":"https://www.bseindia.com/corporates/anndet_new.aspx?newsid=19c79d16-e7cf-4035-8279-77c781b1d3db"},{"ann_date":"06 Feb 2018","announcement":"Updates","link":"http://www.bseindia.com/corporates/anndet_new.aspx?newsid=961d6a41-480c-451e-816d-3f11ccc00afa"}],"warehouse_set":{"high_price":699.0,"low_price":512.55,"sales_growth":36.83,"current_price":554.95,"dividend_yield":0.32,"face_value":1.0,"id":907,"sales_growth_3years":1.06,"average_return_on_equity_3years":-5.86,"book_value":56.65,"status":"Active","pair_url":"/company/GODREJIND/consolidated","sales_growth_10years":8.24,"average_return_on_equity_10years":-1.14,"profit_growth":244.35,"market_capitalization":18661.46,"industry":"Commodity Chemicals","analysis":{"remarks":[],"bad":["Stock is trading at 9.80 times its book value","The company has delivered a poor growth of 0.85% over past five years.","Company has a low return on equity of -5.86% for last 3 years.","Earnings include an other income of Rs.310.53 Cr."],"good":["Company is expected to give good quarter","Company has been maintaining a healthy dividend payout of 53.74%"]},"average_return_on_equity_5years":-2.94,"sales_growth_5years":0.85,"return_on_equity":-8.71,"result_type":"sa"},"id":1165,"name":"Godrej Industries Ltd"}
