{"prime":"sa","number_set":{"balancesheet":[["Share Capital",{"2009-12-31":314.86,"2017-03-31":483.44,"2016-03-31":483.44,"2006-12-31":261.88,"2008-12-31":345.48,"2012-12-31":483.44,"2015-03-31":483.44,"2010-12-31":423.56,"2005-12-31":248.13,"2013-12-31":483.44,"2007-12-31":345.48,"2011-12-31":423.56}],["Reserves",{"2009-12-31":-3.78,"2017-03-31":1536.06,"2016-03-31":1513.14,"2006-12-31":-174.22,"2008-12-31":34.84,"2012-12-31":728.3,"2015-03-31":1307.35,"2010-12-31":312.31,"2005-12-31":-117.31,"2013-12-31":920.07,"2007-12-31":108.02,"2011-12-31":369.41}],["Borrowings",{"2009-12-31":1089.11,"2017-03-31":0.0,"2016-03-31":0.0,"2006-12-31":585.84,"2008-12-31":741.49,"2012-12-31":320.68,"2015-03-31":0.0,"2010-12-31":797.33,"2005-12-31":398.19,"2013-12-31":303.88,"2007-12-31":616.84,"2011-12-31":675.86}],["Other Liabilities",{"2009-12-31":310.79,"2017-03-31":532.69,"2016-03-31":472.05,"2006-12-31":384.81,"2008-12-31":456.8,"2012-12-31":131.0,"2015-03-31":199.73,"2010-12-31":386.34,"2005-12-31":322.55,"2013-12-31":159.24,"2007-12-31":426.21,"2011-12-31":386.07}],["Total Liabilities",{"2009-12-31":1710.98,"2017-03-31":2552.19,"2016-03-31":2468.63,"2006-12-31":1006.53,"2008-12-31":1526.83,"2012-12-31":1663.42,"2015-03-31":1990.52,"2010-12-31":1919.54,"2005-12-31":799.78,"2013-12-31":1866.63,"2007-12-31":1444.77,"2011-12-31":1854.9}],["Fixed Assets",{"2009-12-31":1283.03,"2017-03-31":1676.19,"2016-03-31":1342.38,"2006-12-31":611.03,"2008-12-31":858.87,"2012-12-31":1246.18,"2015-03-31":1339.32,"2010-12-31":1260.28,"2005-12-31":430.6,"2013-12-31":1357.8,"2007-12-31":603.4,"2011-12-31":1269.76}],["CWIP",{"2009-12-31":15.57,"2017-03-31":92.22,"2016-03-31":391.53,"2006-12-31":73.33,"2008-12-31":158.03,"2012-12-31":157.73,"2015-03-31":65.26,"2010-12-31":30.42,"2005-12-31":44.06,"2013-12-31":106.12,"2007-12-31":303.22,"2011-12-31":9.05}],["Investments",{"2009-12-31":83.0,"2017-03-31":83.0,"2016-03-31":83.0,"2006-12-31":78.0,"2008-12-31":83.0,"2012-12-31":83.0,"2015-03-31":83.0,"2010-12-31":83.0,"2005-12-31":78.0,"2013-12-31":83.0,"2007-12-31":78.0,"2011-12-31":83.0}],["Other Assets",{"2009-12-31":329.38,"2017-03-31":700.78,"2016-03-31":651.72,"2006-12-31":244.17,"2008-12-31":426.93,"2012-12-31":176.51,"2015-03-31":502.94,"2010-12-31":545.84,"2005-12-31":247.12,"2013-12-31":319.71,"2007-12-31":460.15,"2011-12-31":493.09}],["Total Assets",{"2009-12-31":1710.98,"2017-03-31":2552.19,"2016-03-31":2468.63,"2006-12-31":1006.53,"2008-12-31":1526.83,"2012-12-31":1663.42,"2015-03-31":1990.52,"2010-12-31":1919.54,"2005-12-31":799.78,"2013-12-31":1866.63,"2007-12-31":1444.77,"2011-12-31":1854.9}]],"annual":[["Sales",{"2009-12-31":220.71,"2017-03-31":683.1,"2016-03-31":659.95,"2006-12-31":134.96,"2008-12-31":167.32,"2012-12-31":416.03,"2015-03-31":867.03,"2010-12-31":283.93,"2005-12-31":67.62,"2013-12-31":517.94,"2007-12-31":151.6,"2011-12-31":395.89}],["Expenses",{"2009-12-31":176.24,"2017-03-31":264.52,"2016-03-31":283.9,"2006-12-31":null,"2008-12-31":154.6,"2012-12-31":234.17,"2015-03-31":410.36,"2010-12-31":173.35,"2005-12-31":null,"2013-12-31":261.1,"2007-12-31":null,"2011-12-31":214.19}],["Operating Profit",{"2009-12-31":44.47,"2017-03-31":418.58,"2016-03-31":376.05,"2006-12-31":null,"2008-12-31":12.72,"2012-12-31":181.86,"2015-03-31":456.67,"2010-12-31":110.58,"2005-12-31":null,"2013-12-31":256.84,"2007-12-31":null,"2011-12-31":181.7}],["OPM",{"2009-12-31":20.15,"2017-03-31":61.28,"2016-03-31":56.98,"2006-12-31":null,"2008-12-31":7.6,"2012-12-31":43.71,"2015-03-31":52.67,"2010-12-31":38.95,"2005-12-31":null,"2013-12-31":49.59,"2007-12-31":null,"2011-12-31":45.9}],["Other Income",{"2009-12-31":0.67,"2017-03-31":35.36,"2016-03-31":30.37,"2006-12-31":7.46,"2008-12-31":31.13,"2012-12-31":15.45,"2015-03-31":40.05,"2010-12-31":11.11,"2005-12-31":2.55,"2013-12-31":33.14,"2007-12-31":13.36,"2011-12-31":16.36}],["Interest",{"2009-12-31":115.68,"2017-03-31":0.4,"2016-03-31":0.16,"2006-12-31":46.71,"2008-12-31":74.09,"2012-12-31":68.42,"2015-03-31":26.15,"2010-12-31":127.14,"2005-12-31":31.3,"2013-12-31":37.43,"2007-12-31":38.99,"2011-12-31":85.18}],["Depreciation",{"2009-12-31":45.76,"2017-03-31":106.52,"2016-03-31":97.34,"2006-12-31":24.15,"2008-12-31":37.0,"2012-12-31":54.94,"2015-03-31":83.29,"2010-12-31":49.27,"2005-12-31":16.14,"2013-12-31":60.78,"2007-12-31":27.2,"2011-12-31":55.78}],["Profit before tax",{"2009-12-31":-116.3,"2017-03-31":347.03,"2016-03-31":308.93,"2006-12-31":-51.6,"2008-12-31":-67.24,"2012-12-31":73.96,"2015-03-31":387.28,"2010-12-31":-54.72,"2005-12-31":-52.38,"2013-12-31":191.77,"2007-12-31":-45.74,"2011-12-31":57.1}],["Tax",{"2009-12-31":0.09,"2017-03-31":97.12,"2016-03-31":117.75,"2006-12-31":0.24,"2008-12-31":0.36,"2012-12-31":0.0,"2015-03-31":0.0,"2010-12-31":0.0,"2005-12-31":0.17,"2013-12-31":0.0,"2007-12-31":0.28,"2011-12-31":0.0}],["Net Profit",{"2009-12-31":-116.39,"2017-03-31":249.91,"2016-03-31":191.18,"2006-12-31":-51.84,"2008-12-31":-67.6,"2012-12-31":73.96,"2015-03-31":387.28,"2010-12-31":-54.72,"2005-12-31":-52.55,"2013-12-31":191.77,"2007-12-31":-46.02,"2011-12-31":57.1}],["EPS (unadj)",{"2009-12-31":0.0,"2017-03-31":4.38,"2016-03-31":3.95,"2006-12-31":0.0,"2008-12-31":0.0,"2012-12-31":1.53,"2015-03-31":6.41,"2010-12-31":0.0,"2005-12-31":0.0,"2013-12-31":3.97,"2007-12-31":0.0,"2011-12-31":1.35}],["Dividend Payout",{"2009-12-31":-0.0,"2017-03-31":73.51,"2016-03-31":48.05,"2006-12-31":-0.0,"2008-12-31":-0.0,"2012-12-31":0.0,"2015-03-31":0.0,"2010-12-31":-0.0,"2005-12-31":-0.0,"2013-12-31":0.0,"2007-12-31":-0.0,"2011-12-31":0.0}]],"cashflow":[["Cash from Operating Activity",{"2009-12-31":-23.2,"2017-03-31":402.01,"2016-03-31":389.41,"2006-12-31":44.17,"2008-12-31":-25.98,"2012-12-31":262.13,"2015-03-31":443.53,"2010-12-31":88.93,"2005-12-31":6.5,"2013-12-31":289.99,"2007-12-31":68.7,"2011-12-31":60.79}],["Cash from Investing Activity",{"2009-12-31":-306.4,"2017-03-31":-240.92,"2016-03-31":-285.29,"2006-12-31":-232.1,"2008-12-31":-129.39,"2012-12-31":-162.79,"2015-03-31":-207.32,"2010-12-31":-37.99,"2005-12-31":-89.06,"2013-12-31":-175.82,"2007-12-31":-271.98,"2011-12-31":-1.03}],["Cash from Financing Activity",{"2009-12-31":239.67,"2017-03-31":-227.18,"2016-03-31":-0.16,"2006-12-31":154.0,"2008-12-31":70.87,"2012-12-31":-88.79,"2015-03-31":-331.55,"2010-12-31":64.13,"2005-12-31":155.05,"2013-12-31":-54.41,"2007-12-31":409.72,"2011-12-31":-214.11}],["Net Cash Flow",{"2009-12-31":-89.93,"2017-03-31":-66.1,"2016-03-31":103.95,"2006-12-31":-33.93,"2008-12-31":-84.5,"2012-12-31":10.55,"2015-03-31":-95.34,"2010-12-31":115.07,"2005-12-31":72.49,"2013-12-31":59.76,"2007-12-31":206.44,"2011-12-31":-154.35}]],"quarters":[["Sales",{"2016-06-30":167.19,"2016-12-31":169.16,"2017-03-31":174.57,"2017-06-30":169.06,"2015-06-30":184.64,"2015-03-31":188.0,"2017-09-30":151.67,"2015-12-31":165.07,"2016-03-31":160.99,"2017-12-31":162.68,"2016-09-30":172.18,"2015-09-30":148.98}],["Expenses",{"2016-06-30":66.97,"2016-12-31":64.82,"2017-03-31":59.9,"2017-06-30":65.4,"2015-06-30":86.05,"2015-03-31":109.95,"2017-09-30":68.91,"2015-12-31":65.3,"2016-03-31":61.16,"2017-12-31":68.03,"2016-09-30":73.6,"2015-09-30":72.7}],["Operating Profit",{"2016-06-30":100.22,"2016-12-31":104.34,"2017-03-31":114.67,"2017-06-30":103.66,"2015-06-30":98.59,"2015-03-31":78.05,"2017-09-30":82.76,"2015-12-31":99.77,"2016-03-31":99.83,"2017-12-31":94.65,"2016-09-30":98.58,"2015-09-30":76.28}],["OPM",{"2016-06-30":59.94,"2016-12-31":61.68,"2017-03-31":65.69,"2017-06-30":61.32,"2015-06-30":53.4,"2015-03-31":41.52,"2017-09-30":54.57,"2015-12-31":60.44,"2016-03-31":62.01,"2017-12-31":58.18,"2016-09-30":57.25,"2015-09-30":51.2}],["Other Income",{"2016-06-30":6.62,"2016-12-31":10.87,"2017-03-31":6.68,"2017-06-30":9.19,"2015-06-30":6.13,"2015-03-31":5.12,"2017-09-30":12.21,"2015-12-31":8.16,"2016-03-31":7.87,"2017-12-31":7.4,"2016-09-30":11.95,"2015-09-30":70.22}],["Depreciation",{"2016-06-30":25.09,"2016-12-31":27.49,"2017-03-31":25.95,"2017-06-30":26.44,"2015-06-30":24.01,"2015-03-31":16.19,"2017-09-30":25.31,"2015-12-31":24.95,"2016-03-31":24.69,"2017-12-31":25.09,"2016-09-30":27.99,"2015-09-30":22.72}],["Interest",{"2016-06-30":0.04,"2016-12-31":0.07,"2017-03-31":0.05,"2017-06-30":0.05,"2015-06-30":0.03,"2015-03-31":0.09,"2017-09-30":0.09,"2015-12-31":0.05,"2016-03-31":0.05,"2017-12-31":0.12,"2016-09-30":0.24,"2015-09-30":0.04}],["Profit before tax",{"2016-06-30":81.71,"2016-12-31":87.66,"2017-03-31":95.36,"2017-06-30":86.37,"2015-06-30":80.68,"2015-03-31":66.88,"2017-09-30":69.57,"2015-12-31":82.94,"2016-03-31":82.96,"2017-12-31":76.85,"2016-09-30":82.3,"2015-09-30":123.74}],["Tax",{"2016-06-30":21.96,"2016-12-31":23.11,"2017-03-31":29.17,"2017-06-30":30.67,"2015-06-30":43.44,"2015-03-31":0.0,"2017-09-30":25.39,"2015-12-31":28.25,"2016-03-31":31.29,"2017-12-31":26.85,"2016-09-30":22.89,"2015-09-30":36.26}],["Net Profit",{"2016-06-30":59.76,"2016-12-31":64.54,"2017-03-31":66.2,"2017-06-30":55.7,"2015-06-30":37.24,"2015-03-31":66.89,"2017-09-30":44.18,"2015-12-31":54.69,"2016-03-31":51.67,"2017-12-31":50.0,"2016-09-30":59.42,"2015-09-30":87.48}]]},"bse_code":"533248","short_name":"Guj Pipavav Port","nse_code":"GPPL","companyrating_set":[{"rating__rating":"CRISIL A1+","instrument":"Bank Guarantee limit","rating__source":"crisil","link":"http://www.crisil.com/ratings/company-wise-ratings.jsp?txtSearch=Gujarat Pipavav Port Ltd"},{"rating__rating":"CRISIL AA-(Stable)","instrument":"Proposed Long-Term Bank Facility","rating__source":"crisil","link":"http://www.crisil.com/ratings/company-wise-ratings.jsp?txtSearch=Gujarat Pipavav Port Ltd"}],"annualreport_set":[{"source":"bse","report_date":2017,"link":"http://www.bseindia.com/bseplus/AnnualReport/533248/5332480317.pdf"},{"source":"bse","report_date":2016,"link":"http://www.bseindia.com/bseplus/AnnualReport/533248/5332480316.pdf"},{"source":"bse","report_date":2015,"link":"http://www.bseindia.com/bseplus/AnnualReport/533248/5332480315.pdf"},{"source":"bse","report_date":2013,"link":"http://www.bseindia.com/bseplus/annualreport/533248/5332481213.pdf"},{"source":"nse","report_date":2013,"link":"http://nseindia.com/annual_reports/AR_3257_GPPL_2013_2013_11042014180002.zip"},{"source":"bse","report_date":2012,"link":"http://www.bseindia.com/bseplus/annualreport/533248/5332481212.pdf"},{"source":"bse","report_date":2011,"link":"http://www.bseindia.com/bseplus/annualreport/533248/5332481211.pdf"},{"source":"nse","report_date":2011,"link":"http://nseindia.com/annual_reports/AR_GPPL_2011_2011_31122012120202.zip"},{"source":"bse","report_date":2010,"link":"http://www.bseindia.com/bseplus/annualreport/533248/5332481210.pdf"}],"announcement_set":[{"ann_date":"20 Mar 2018","announcement":"Announcement under Regulation 30 (LODR)-Analyst / Investor Meet - Intimation","link":"https://www.bseindia.com/corporates/anndet_new.aspx?newsid=eb8dbfed-5104-417a-beeb-f56ab5890094"},{"ann_date":"26 Feb 2018","announcement":"Announcement under Regulation 30 (LODR)-Analyst / Investor Meet - Intimation","link":"https://www.bseindia.com/corporates/anndet_new.aspx?newsid=702dfeeb-acce-4a37-a825-398f274575d4"},{"ann_date":"19 Feb 2018","announcement":"Announcement under Regulation 30 (LODR)-Analyst / Investor Meet - Intimation","link":"https://www.bseindia.com/corporates/anndet_new.aspx?newsid=edcc8275-e7ab-416c-af6d-1f77915870d2"},{"ann_date":"19 Feb 2018","announcement":"Announcement under Regulation 30 (LODR)-Credit Rating","link":"https://www.bseindia.com/corporates/anndet_new.aspx?newsid=8658458c-c26a-4832-b023-797640d34333"},{"ann_date":"05 Feb 2018","announcement":"Analyst / Investor Meet - Intimation","link":"http://www.bseindia.com/corporates/anndet_new.aspx?newsid=85eff84a-f5bb-4eb8-807e-c110d849deac"}],"warehouse_set":{"high_price":179.0,"low_price":126.25,"sales_growth":-1.72,"current_price":141.95,"dividend_yield":2.68,"face_value":10.0,"id":3460,"sales_growth_3years":9.66,"profit_growth_5years":34.09,"average_return_on_equity_3years":16.03,"book_value":44.87,"status":"Active","pair_url":"/company/GPPL/consolidated","sales_growth_10years":18.2,"average_return_on_equity_10years":7.94,"profit_growth":-8.2,"market_capitalization":6862.43,"price_to_earning":31.76,"industry":"Marine Port & Services","analysis":{"remarks":[],"bad":["The company has delivered a poor growth of 11.53% over past five years."],"good":["Company is virtually debt free.","Company has been maintaining a healthy dividend payout of 33.27%"]},"result_type":"sa","profit_growth_3years":12.65,"sales_growth_5years":11.53,"return_on_equity":12.5,"average_return_on_equity_5years":14.35},"id":1248,"name":"Gujarat Pipavav Port Ltd"}
