{"prime":"con","number_set":{"balancesheet":[["Share Capital",{"2009-06-30":134.05,"2014-06-30":140.0,"2017-03-31":285.36,"2016-03-31":282.08,"2006-06-30":64.69,"2008-06-30":133.27,"2015-06-30":281.2,"2013-06-30":139.37,"2012-06-30":138.66,"2010-06-30":135.76,"2007-06-30":132.74,"2011-06-30":137.74}],["Reserves",{"2009-06-30":3353.72,"2014-06-30":15605.61,"2017-03-31":25687.9,"2016-03-31":21214.44,"2006-06-30":2511.18,"2008-06-30":3079.85,"2015-06-30":19124.53,"2013-06-30":10093.36,"2012-06-30":6465.15,"2010-06-30":4798.09,"2007-06-30":3292.28,"2011-06-30":5720.41}],["Borrowings",{"2009-06-30":513.73,"2014-06-30":568.59,"2017-03-31":44.87,"2016-03-31":41.66,"2006-06-30":13.38,"2008-06-30":25.33,"2015-06-30":40.63,"2013-06-30":626.58,"2012-06-30":1039.82,"2010-06-30":1397.39,"2007-06-30":40.89,"2011-06-30":1030.16}],["Other Liabilities",{"2009-06-30":2595.86,"2014-06-30":5501.29,"2017-03-31":6511.28,"2016-03-31":5059.89,"2006-06-30":1222.4,"2008-06-30":2263.71,"2015-06-30":5480.8,"2013-06-30":5100.57,"2012-06-30":3234.86,"2010-06-30":2159.62,"2007-06-30":1433.76,"2011-06-30":2182.26}],["Total Liabilities",{"2009-06-30":6597.36,"2014-06-30":21815.49,"2017-03-31":32529.41,"2016-03-31":26598.07,"2006-06-30":3811.65,"2008-06-30":5502.16,"2015-06-30":24927.16,"2013-06-30":15959.88,"2012-06-30":10878.49,"2010-06-30":8490.86,"2007-06-30":4899.67,"2011-06-30":9070.57}],["Fixed Assets",{"2009-06-30":856.98,"2014-06-30":2448.57,"2017-03-31":7989.81,"2016-03-31":2816.24,"2006-06-30":525.68,"2008-06-30":725.29,"2015-06-30":3064.23,"2013-06-30":1954.18,"2012-06-30":1613.71,"2010-06-30":943.83,"2007-06-30":670.09,"2011-06-30":1295.93}],["CWIP",{"2009-06-30":417.56,"2014-06-30":518.5,"2017-03-31":410.53,"2016-03-31":582.12,"2006-06-30":163.63,"2008-06-30":419.03,"2015-06-30":543.95,"2013-06-30":488.19,"2012-06-30":549.55,"2010-06-30":477.2,"2007-06-30":212.86,"2011-06-30":518.69}],["Investments",{"2009-06-30":562.75,"2014-06-30":4116.01,"2017-03-31":4724.24,"2016-03-31":3974.3,"2006-06-30":1907.76,"2008-06-30":1797.34,"2015-06-30":4124.96,"2013-06-30":4055.7,"2012-06-30":3297.95,"2010-06-30":2233.2,"2007-06-30":1988.86,"2011-06-30":2653.28}],["Other Assets",{"2009-06-30":4760.07,"2014-06-30":14732.41,"2017-03-31":19404.83,"2016-03-31":19225.41,"2006-06-30":1214.58,"2008-06-30":2560.5,"2015-06-30":17194.02,"2013-06-30":9461.81,"2012-06-30":5417.28,"2010-06-30":4836.63,"2007-06-30":2027.86,"2011-06-30":4602.67}],["Total Assets",{"2009-06-30":6597.36,"2014-06-30":21815.49,"2017-03-31":32529.41,"2016-03-31":26598.07,"2006-06-30":3811.65,"2008-06-30":5502.16,"2015-06-30":24927.16,"2013-06-30":15959.88,"2012-06-30":10878.49,"2010-06-30":8490.86,"2007-06-30":4899.67,"2011-06-30":9070.57}]],"annual":[["Sales",{"2009-06-30":4675.09,"2014-06-30":16497.37,"2017-03-31":19318.31,"2016-03-31":13434.64,"2006-06-30":3032.92,"2008-06-30":4615.39,"2015-06-30":17153.44,"2013-06-30":12517.82,"2012-06-30":8907.22,"2010-06-30":5078.76,"2007-06-30":3768.62,"2011-06-30":6794.48}],["Expenses",{"2009-06-30":null,"2014-06-30":9186.48,"2017-03-31":11462.65,"2016-03-31":8298.8,"2006-06-30":null,"2008-06-30":null,"2015-06-30":10293.84,"2013-06-30":7927.09,"2012-06-30":6397.0,"2010-06-30":null,"2007-06-30":null,"2011-06-30":5278.11}],["Operating Profit",{"2009-06-30":null,"2014-06-30":7310.89,"2017-03-31":7855.66,"2016-03-31":5135.84,"2006-06-30":null,"2008-06-30":null,"2015-06-30":6859.6,"2013-06-30":4590.73,"2012-06-30":2510.22,"2010-06-30":null,"2007-06-30":null,"2011-06-30":1516.37}],["OPM",{"2009-06-30":null,"2014-06-30":44.32,"2017-03-31":40.66,"2016-03-31":38.23,"2006-06-30":null,"2008-06-30":null,"2015-06-30":39.99,"2013-06-30":36.67,"2012-06-30":28.18,"2010-06-30":null,"2007-06-30":null,"2011-06-30":22.32}],["Other Income",{"2009-06-30":265.81,"2014-06-30":659.12,"2017-03-31":955.33,"2016-03-31":968.42,"2006-06-30":83.34,"2008-06-30":170.4,"2015-06-30":1199.5,"2013-06-30":472.38,"2012-06-30":300.86,"2010-06-30":171.77,"2007-06-30":439.42,"2011-06-30":166.27}],["Interest",{"2009-06-30":28.09,"2014-06-30":81.65,"2017-03-31":56.03,"2016-03-31":45.82,"2006-06-30":12.74,"2008-06-30":19.07,"2015-06-30":60.64,"2013-06-30":76.46,"2012-06-30":97.27,"2010-06-30":101.36,"2007-06-30":12.97,"2011-06-30":101.39}],["Depreciation",{"2009-06-30":251.89,"2014-06-30":490.7,"2017-03-31":478.89,"2016-03-31":276.89,"2006-06-30":138.8,"2008-06-30":217.87,"2015-06-30":299.92,"2013-06-30":441.91,"2012-06-30":353.07,"2010-06-30":274.03,"2007-06-30":178.21,"2011-06-30":291.37}],["Profit before tax",{"2009-06-30":1191.7,"2014-06-30":7397.66,"2017-03-31":8276.07,"2016-03-31":5781.55,"2006-06-30":653.83,"2008-06-30":875.25,"2015-06-30":7698.54,"2013-06-30":4544.74,"2012-06-30":2360.74,"2010-06-30":1152.82,"2007-06-30":1177.69,"2011-06-30":1289.88}],["Tax",{"2009-06-30":194.39,"2014-06-30":1413.04,"2017-03-31":1403.38,"2016-03-31":1062.47,"2006-06-30":15.45,"2008-06-30":94.6,"2015-06-30":1352.59,"2013-06-30":840.02,"2012-06-30":410.32,"2010-06-30":96.24,"2007-06-30":75.87,"2011-06-30":91.6}],["Net Profit",{"2009-06-30":997.31,"2014-06-30":5984.62,"2017-03-31":6872.69,"2016-03-31":4719.08,"2006-06-30":638.38,"2008-06-30":780.65,"2015-06-30":6345.95,"2013-06-30":3704.72,"2012-06-30":1950.42,"2010-06-30":1056.58,"2007-06-30":1101.82,"2011-06-30":1198.28}],["EPS (unadj)",{"2009-06-30":13.69,"2014-06-30":83.87,"2017-03-31":43.38,"2016-03-31":40.4,"2006-06-30":17.5,"2008-06-30":10.19,"2015-06-30":42.01,"2013-06-30":51.16,"2012-06-30":26.19,"2010-06-30":14.9,"2007-06-30":15.37,"2011-06-30":16.17}],["Dividend Payout",{"2009-06-30":47.04,"2014-06-30":11.7,"2017-03-31":49.82,"2016-03-31":47.82,"2006-06-30":81.07,"2008-06-30":76.82,"2015-06-30":66.47,"2013-06-30":22.57,"2012-06-30":42.65,"2010-06-30":25.7,"2007-06-30":48.19,"2011-06-30":43.1}]],"cashflow":[["Cash from Operating Activity",{"2009-06-30":590.13,"2014-06-30":6147.22,"2017-03-31":6995.1,"2016-03-31":3154.3,"2006-06-30":775.84,"2008-06-30":1056.84,"2015-06-30":5335.67,"2013-06-30":4170.15,"2012-06-30":2146.87,"2010-06-30":739.26,"2007-06-30":997.75,"2011-06-30":1520.47}],["Cash from Investing Activity",{"2009-06-30":840.7,"2014-06-30":-4664.63,"2017-03-31":-2656.1,"2016-03-31":-762.88,"2006-06-30":-113.86,"2008-06-30":-148.64,"2015-06-30":-1783.46,"2013-06-30":-2973.66,"2012-06-30":-1342.76,"2010-06-30":-477.21,"2007-06-30":-341.46,"2011-06-30":-535.03}],["Cash from Financing Activity",{"2009-06-30":-227.88,"2014-06-30":-1397.67,"2017-03-31":-4112.17,"2016-03-31":-2698.98,"2006-06-30":-640.29,"2008-06-30":-602.26,"2015-06-30":-3360.21,"2013-06-30":-1175.37,"2012-06-30":-837.12,"2010-06-30":583.38,"2007-06-30":-381.57,"2011-06-30":-882.58}],["Net Cash Flow",{"2009-06-30":1202.95,"2014-06-30":84.92,"2017-03-31":226.83,"2016-03-31":-307.56,"2006-06-30":21.69,"2008-06-30":305.94,"2015-06-30":192.0,"2013-06-30":21.12,"2012-06-30":-33.01,"2010-06-30":845.43,"2007-06-30":274.72,"2011-06-30":102.86}]],"quarters":[["Sales",{"2016-06-30":4609.0,"2016-12-31":4889.0,"2017-03-31":5114.0,"2017-06-30":5179.0,"2015-06-30":4465.5,"2015-03-31":4385.95,"2017-09-30":5460.0,"2015-12-31":4471.85,"2016-03-31":4612.64,"2017-12-31":5723.0,"2016-09-30":4706.0,"2015-09-30":4350.15}],["Expenses",{"2016-06-30":2580.0,"2016-12-31":2864.0,"2017-03-31":3277.0,"2017-06-30":3067.0,"2015-06-30":2892.48,"2015-03-31":2637.03,"2017-09-30":3161.0,"2015-12-31":2683.42,"2016-03-31":2787.16,"2017-12-31":3182.0,"2016-09-30":2744.0,"2015-09-30":2770.33}],["Operating Profit",{"2016-06-30":2029.0,"2016-12-31":2025.0,"2017-03-31":1837.0,"2017-06-30":2112.0,"2015-06-30":1573.02,"2015-03-31":1748.92,"2017-09-30":2299.0,"2015-12-31":1788.43,"2016-03-31":1825.48,"2017-12-31":2541.0,"2016-09-30":1962.0,"2015-09-30":1579.82}],["OPM",{"2016-06-30":44.02,"2016-12-31":41.42,"2017-03-31":35.92,"2017-06-30":40.78,"2015-06-30":35.23,"2015-03-31":39.88,"2017-09-30":42.11,"2015-12-31":39.99,"2016-03-31":39.58,"2017-12-31":44.4,"2016-09-30":41.69,"2015-09-30":36.32}],["Other Income",{"2016-06-30":299.0,"2016-12-31":188.0,"2017-03-31":231.0,"2017-06-30":199.0,"2015-06-30":204.61,"2015-03-31":251.97,"2017-09-30":162.0,"2015-12-31":361.13,"2016-03-31":283.4,"2017-12-31":143.0,"2016-09-30":238.0,"2015-09-30":268.11}],["Depreciation",{"2016-06-30":93.0,"2016-12-31":123.0,"2017-03-31":160.0,"2017-06-30":131.0,"2015-06-30":83.77,"2015-03-31":74.52,"2017-09-30":184.0,"2015-12-31":95.71,"2016-03-31":92.8,"2017-12-31":294.0,"2016-09-30":102.0,"2015-09-30":88.38}],["Interest",{"2016-06-30":10.0,"2016-12-31":9.0,"2017-03-31":34.0,"2017-06-30":6.0,"2015-06-30":14.47,"2015-03-31":12.21,"2017-09-30":5.0,"2015-12-31":14.74,"2016-03-31":14.43,"2017-12-31":6.0,"2016-09-30":2.0,"2015-09-30":16.65}],["Profit before tax",{"2016-06-30":2225.0,"2016-12-31":2081.0,"2017-03-31":1874.0,"2017-06-30":2174.0,"2015-06-30":1679.39,"2015-03-31":1914.16,"2017-09-30":2272.0,"2015-12-31":2039.11,"2016-03-31":2001.65,"2017-12-31":2384.0,"2016-09-30":2096.0,"2015-09-30":1742.9}],["Tax",{"2016-06-30":426.0,"2016-12-31":419.0,"2017-03-31":153.0,"2017-06-30":412.0,"2015-06-30":244.22,"2015-03-31":349.42,"2017-09-30":482.0,"2015-12-31":389.45,"2016-03-31":330.14,"2017-12-31":415.0,"2016-09-30":405.0,"2015-09-30":343.61}],["Net Profit",{"2016-06-30":1799.0,"2016-12-31":1662.0,"2017-03-31":1721.0,"2017-06-30":1762.0,"2015-06-30":1435.17,"2015-03-31":1564.74,"2017-09-30":1790.0,"2015-12-31":1649.66,"2016-03-31":1671.51,"2017-12-31":1969.0,"2016-09-30":1691.0,"2015-09-30":1399.29}]]},"bse_code":"532281","short_name":"HCL Technologies","nse_code":"HCLTECH","companyrating_set":[{"rating__rating":"[ICRA]AAA (stable)","instrument":"Bank Loan Rating-Long Term","rating__source":"icra","link":"http://icra.in/search.aspx?word=HCL Technologies Ltd"},{"rating__rating":"[ICRA]A1+","instrument":"Bank Loan Rating-Short Term","rating__source":"icra","link":"http://icra.in/search.aspx?word=HCL Technologies Ltd"},{"rating__rating":"CCR AAA(Stable)","instrument":"Corporate Credit Rating","rating__source":"crisil","link":"http://www.crisil.com/ratings/company-wise-ratings.jsp?txtSearch=HCL Technologies Ltd"},{"rating__rating":"[ICRA]AAA (stable)","instrument":"Corporate Debt Rating-Long Term","rating__source":"icra","link":"http://icra.in/search.aspx?word=HCL Technologies Ltd"},{"rating__rating":"[ICRA]A1+","instrument":"Corporate Debt Rating-Short Term","rating__source":"icra","link":"http://icra.in/search.aspx?word=HCL Technologies Ltd"}],"annualreport_set":[{"source":"bse","report_date":2017,"link":"http://www.bseindia.com/bseplus/AnnualReport/532281/5322810317.pdf"},{"source":"bse","report_date":2016,"link":"http://www.bseindia.com/bseplus/AnnualReport/532281/5322810316.pdf"},{"source":"bse","report_date":2015,"link":"http://www.bseindia.com/bseplus/AnnualReport/532281/5322810615.pdf"},{"source":"bse","report_date":2014,"link":"http://www.bseindia.com/bseplus/AnnualReport/532281/5322810614.pdf"},{"source":"bse","report_date":2013,"link":"http://www.bseindia.com/bseplus/annualreport/532281/5322810613.pdf"},{"source":"nse","report_date":2013,"link":"http://nseindia.com/annual_reports/AR_3028_HCLTECH_2012_2013_28112013164621.zip"},{"source":"bse","report_date":2012,"link":"http://www.bseindia.com/bseplus/annualreport/532281/5322810612.pdf"},{"source":"nse","report_date":2012,"link":"http://nseindia.com/annual_reports/AR_2493_HCLTECH_2011_2012_17102013140014.zip"},{"source":"nse","report_date":2011,"link":"http://nseindia.com/annual_reports/AR_HCLTECH_2010_2011_11052012041716.zip"},{"source":"nse","report_date":2010,"link":"http://nseindia.com/annual_reports/AR_HCLTECH_2009_2010_11052012102228.zip"}],"announcement_set":[{"ann_date":"07 Apr 2018","announcement":"Announcement under Regulation 30 (LODR)-Updates on Acquisition","link":"https://www.bseindia.com/corporates/anndet_new.aspx?newsid=00dd03f4-f145-4ff1-8240-5395718ca180"},{"ann_date":"06 Apr 2018","announcement":"Announcement under Regulation 30 (LODR)-Updates on Acquisition","link":"https://www.bseindia.com/corporates/anndet_new.aspx?newsid=5dda0709-41f3-4af1-93b1-5b7c64f4a1f6"},{"ann_date":"05 Apr 2018","announcement":"Announcement under Regulation 30 (LODR)-Acquisition","link":"https://www.bseindia.com/corporates/anndet_new.aspx?newsid=cdcccef9-6ef9-4875-bf34-2ebe33c09841"},{"ann_date":"04 Apr 2018","announcement":"Statement Of Investor Complaints For The Quarter Ended March 2018","link":"https://www.bseindia.com/corporates/anndet_new.aspx?newsid=8f0f0c01-4ffe-483a-8438-3532498dcc92"},{"ann_date":"23 Mar 2018","announcement":"Announcement under Regulation 30 (LODR)-Allotment of ESOP / ESPS","link":"https://www.bseindia.com/corporates/anndet_new.aspx?newsid=b6f21c87-c207-42b4-8dab-a4593169048c"}],"warehouse_set":{"high_price":1040.7,"low_price":796.2,"sales_growth":14.13,"current_price":952.65,"dividend_yield":2.58,"face_value":2.0,"id":1199,"sales_growth_3years":5.4,"profit_growth_5years":28.67,"average_return_on_equity_3years":28.8,"book_value":226.21,"status":"Active","pair_url":"/company/HCLTECH/consolidated","sales_growth_10years":17.24,"average_return_on_equity_10years":31.02,"profit_growth":6.13,"market_capitalization":132632.35,"profit_growth_10years":29.14,"price_to_earning":18.31,"industry":"IT Consulting & Software","analysis":{"remarks":["Some businesses are provided tax benefits to encourage their development"],"bad":["Though the company is reporting regular profits, it is not paying out tax"],"good":["Company is virtually debt free.","Company has a good return on equity (ROE) track record: 3 Years ROE 28.80%","Company has been maintaining a healthy dividend payout of 55.18%"]},"result_type":"sa","profit_growth_3years":5.17,"sales_growth_5years":16.75,"return_on_equity":28.95,"average_return_on_equity_5years":33.23},"id":1297,"name":"HCL Technologies Ltd"}
