{"prime":"sa","number_set":{"balancesheet":[["Share Capital",{"2008-03-31":354.43,"2016-03-31":505.64,"2014-03-31":479.81,"2011-03-31":465.23,"2015-03-31":501.3,"2013-03-31":475.88,"2006-03-31":313.14,"2012-03-31":469.34,"2017-03-31":512.51,"2010-03-31":457.74,"2009-03-31":425.38,"2007-03-31":319.39}],["Reserves",{"2008-03-31":11142.81,"2016-03-31":72172.13,"2014-03-31":42998.82,"2011-03-31":24911.13,"2015-03-31":61508.12,"2013-03-31":35738.26,"2006-03-31":4986.39,"2012-03-31":29455.04,"2017-03-31":88949.84,"2010-03-31":21061.84,"2009-03-31":14220.95,"2007-03-31":6113.76}],["Borrowings",{"2008-03-31":105363.51,"2016-03-31":631393.17,"2014-03-31":406776.47,"2011-03-31":222980.47,"2015-03-31":496009.2,"2013-03-31":329253.58,"2006-03-31":58655.3,"2012-03-31":270552.95,"2017-03-31":717668.53,"2010-03-31":180320.13,"2009-03-31":151975.22,"2007-03-31":71113.33}],["Other Liabilities",{"2008-03-31":16390.26,"2016-03-31":36818.98,"2014-03-31":41402.97,"2011-03-31":29071.95,"2015-03-31":32557.39,"2013-03-31":34922.13,"2006-03-31":9632.04,"2012-03-31":37494.18,"2017-03-31":56830.79,"2010-03-31":20717.18,"2009-03-31":16737.12,"2007-03-31":13772.81}],["Total Liabilities",{"2008-03-31":133251.01,"2016-03-31":740889.92,"2014-03-31":491658.07,"2011-03-31":277428.78,"2015-03-31":590576.01,"2013-03-31":400389.85,"2006-03-31":73586.87,"2012-03-31":337971.51,"2017-03-31":863961.67,"2010-03-31":222556.89,"2009-03-31":183358.67,"2007-03-31":91319.29}],["Fixed Assets",{"2008-03-31":1175.09,"2016-03-31":3343.16,"2014-03-31":2939.92,"2011-03-31":2170.65,"2015-03-31":3121.73,"2013-03-31":2703.08,"2006-03-31":855.08,"2012-03-31":2347.19,"2017-03-31":3626.74,"2010-03-31":2122.81,"2009-03-31":1706.73,"2007-03-31":966.67}],["CWIP",{"2008-03-31":0.0,"2016-03-31":0.0,"2014-03-31":0.0,"2011-03-31":0.0,"2015-03-31":0.0,"2013-03-31":0.0,"2006-03-31":0.0,"2012-03-31":0.0,"2017-03-31":0.0,"2010-03-31":0.0,"2009-03-31":0.0,"2007-03-31":0.0}],["Investments",{"2008-03-31":49393.53,"2016-03-31":195836.28,"2014-03-31":120951.07,"2011-03-31":70929.36,"2015-03-31":151641.75,"2013-03-31":111613.6,"2006-03-31":28393.96,"2012-03-31":97482.91,"2017-03-31":214463.34,"2010-03-31":58607.62,"2009-03-31":58817.55,"2007-03-31":30564.8}],["Other Assets",{"2008-03-31":82682.39,"2016-03-31":541710.48,"2014-03-31":367767.08,"2011-03-31":204328.77,"2015-03-31":435812.53,"2013-03-31":286073.17,"2006-03-31":44337.83,"2012-03-31":238141.41,"2017-03-31":645871.59,"2010-03-31":161826.46,"2009-03-31":122834.39,"2007-03-31":59787.82}],["Total Assets",{"2008-03-31":133251.01,"2016-03-31":740889.92,"2014-03-31":491658.07,"2011-03-31":277428.78,"2015-03-31":590576.01,"2013-03-31":400389.85,"2006-03-31":73586.87,"2012-03-31":337971.51,"2017-03-31":863961.67,"2010-03-31":222556.89,"2009-03-31":183358.67,"2007-03-31":91319.29}]],"annual":[["Sales",{"2008-03-31":10115.0,"2016-03-31":60221.45,"2014-03-31":41135.53,"2011-03-31":19928.21,"2015-03-31":48469.9,"2013-03-31":35064.87,"2006-03-31":4475.34,"2012-03-31":27874.19,"2017-03-31":69305.96,"2010-03-31":16172.72,"2009-03-31":16332.26,"2007-03-31":6647.93}],["Expenses",{"2008-03-31":4958.68,"2016-03-31":18999.47,"2014-03-31":12958.61,"2011-03-31":8562.21,"2015-03-31":15407.0,"2013-03-31":12261.44,"2006-03-31":2327.38,"2012-03-31":10612.56,"2017-03-31":22463.52,"2010-03-31":7686.0,"2009-03-31":7232.64,"2007-03-31":3204.72}],["Operating Profit",{"2008-03-31":5156.32,"2016-03-31":41221.98,"2014-03-31":28176.92,"2011-03-31":11366.0,"2015-03-31":33062.9,"2013-03-31":22803.43,"2006-03-31":2147.96,"2012-03-31":17261.63,"2017-03-31":46842.44,"2010-03-31":8486.72,"2009-03-31":9099.62,"2007-03-31":3443.21}],["OPM",{"2008-03-31":50.98,"2016-03-31":68.45,"2014-03-31":68.5,"2011-03-31":57.03,"2015-03-31":68.21,"2013-03-31":65.03,"2006-03-31":48.0,"2012-03-31":61.93,"2017-03-31":67.59,"2010-03-31":52.48,"2009-03-31":55.72,"2007-03-31":51.79}],["Other Income",{"2008-03-31":2283.15,"2016-03-31":10751.72,"2014-03-31":7919.64,"2011-03-31":4335.15,"2015-03-31":8996.35,"2013-03-31":6852.62,"2006-03-31":1213.64,"2012-03-31":5783.63,"2017-03-31":12296.5,"2010-03-31":3983.11,"2009-03-31":3470.64,"2007-03-31":1594.59}],["Interest",{"2008-03-31":4887.11,"2016-03-31":32629.93,"2014-03-31":22652.9,"2011-03-31":9385.08,"2015-03-31":26074.24,"2013-03-31":19253.75,"2006-03-31":1929.5,"2012-03-31":14989.58,"2017-03-31":36166.73,"2010-03-31":7786.3,"2009-03-31":8911.1,"2007-03-31":3179.45}],["Depreciation",{"2008-03-31":271.71,"2016-03-31":705.84,"2014-03-31":671.61,"2011-03-31":497.41,"2015-03-31":656.3,"2013-03-31":651.67,"2006-03-31":178.59,"2012-03-31":542.52,"2017-03-31":833.12,"2010-03-31":394.39,"2009-03-31":359.91,"2007-03-31":219.6}],["Profit before tax",{"2008-03-31":2280.65,"2016-03-31":18637.92,"2014-03-31":12772.05,"2011-03-31":5818.66,"2015-03-31":15328.72,"2013-03-31":9750.62,"2006-03-31":1253.51,"2012-03-31":7513.16,"2017-03-31":22139.08,"2010-03-31":4289.14,"2009-03-31":3299.25,"2007-03-31":1638.75}],["Tax",{"2008-03-31":690.45,"2016-03-31":6341.71,"2014-03-31":4293.68,"2011-03-31":1892.26,"2015-03-31":5112.8,"2013-03-31":3024.34,"2006-03-31":382.73,"2012-03-31":2346.07,"2017-03-31":7589.43,"2010-03-31":1340.44,"2009-03-31":1054.31,"2007-03-31":497.3}],["Net Profit",{"2008-03-31":1590.2,"2016-03-31":12296.21,"2014-03-31":8478.38,"2011-03-31":3926.4,"2015-03-31":10215.92,"2013-03-31":6726.28,"2006-03-31":870.78,"2012-03-31":5167.09,"2017-03-31":14549.64,"2010-03-31":2948.7,"2009-03-31":2244.94,"2007-03-31":1141.45}],["EPS (unadj)",{"2008-03-31":43.42,"2016-03-31":46.7,"2014-03-31":34.18,"2011-03-31":81.72,"2015-03-31":39.13,"2013-03-31":27.33,"2006-03-31":27.04,"2012-03-31":21.32,"2017-03-31":56.78,"2010-03-31":62.43,"2009-03-31":51.08,"2007-03-31":34.55}],["Dividend Payout",{"2008-03-31":18.95,"2016-03-31":19.53,"2014-03-31":19.38,"2011-03-31":19.55,"2015-03-31":19.63,"2013-03-31":19.46,"2006-03-31":19.78,"2012-03-31":19.53,"2017-03-31":19.37,"2010-03-31":18.63,"2009-03-31":18.95,"2007-03-31":19.59}]],"cashflow":[["Cash from Operating Activity",{"2008-03-31":2723.13,"2016-03-31":-30132.19,"2014-03-31":8363.6,"2011-03-31":-375.83,"2015-03-31":-15862.27,"2013-03-31":-1868.78,"2006-03-31":1724.76,"2012-03-31":-17095.45,"2017-03-31":23585.4,"2010-03-31":9389.89,"2009-03-31":-1736.14,"2007-03-31":574.33}],["Cash from Investing Activity",{"2008-03-31":-619.78,"2016-03-31":-627.46,"2014-03-31":-1623.11,"2011-03-31":-1125.73,"2015-03-31":-1933.36,"2013-03-31":-854.62,"2006-03-31":-381.97,"2012-03-31":-661.68,"2017-03-31":-1984.51,"2010-03-31":-553.02,"2009-03-31":1499.76,"2007-03-31":-311.4}],["Cash from Financing Activity",{"2008-03-31":3628.34,"2016-03-31":33347.04,"2014-03-31":5562.98,"2011-03-31":1227.99,"2015-03-31":14543.44,"2013-03-31":9065.84,"2006-03-31":1104.87,"2012-03-31":9026.03,"2017-03-31":-11567.63,"2010-03-31":3598.91,"2009-03-31":2964.66,"2007-03-31":1637.88}],["Net Cash Flow",{"2008-03-31":5731.69,"2016-03-31":2587.39,"2014-03-31":12303.47,"2011-03-31":-273.57,"2015-03-31":-3252.19,"2013-03-31":6342.44,"2006-03-31":2447.66,"2012-03-31":-8731.1,"2017-03-31":10033.26,"2010-03-31":12435.78,"2009-03-31":2728.28,"2007-03-31":1900.81}]],"quarters":[["Sales",{"2016-06-30":16516.02,"2016-12-31":17605.6,"2017-03-31":18114.4,"2017-06-30":18668.72,"2015-06-30":14041.06,"2015-03-31":13006.37,"2017-09-30":19670.28,"2015-12-31":15411.12,"2016-03-31":15996.75,"2017-12-31":20581.27,"2016-09-30":17069.94,"2015-09-30":14772.52}],["Expenses",{"2016-06-30":5635.59,"2016-12-31":5558.29,"2017-03-31":6483.76,"2017-06-30":6926.22,"2015-06-30":4728.78,"2015-03-31":4431.61,"2017-09-30":7016.24,"2015-12-31":4858.72,"2016-03-31":5246.74,"2017-12-31":7083.66,"2016-09-30":5618.98,"2015-09-30":4871.06}],["Operating Profit",{"2016-06-30":10880.43,"2016-12-31":12047.31,"2017-03-31":11630.64,"2017-06-30":11742.5,"2015-06-30":9312.28,"2015-03-31":8574.76,"2017-09-30":12654.04,"2015-12-31":10552.4,"2016-03-31":10750.01,"2017-12-31":13497.61,"2016-09-30":11450.96,"2015-09-30":9901.46}],["OPM",{"2016-06-30":65.88,"2016-12-31":68.43,"2017-03-31":64.21,"2017-06-30":62.9,"2015-06-30":66.32,"2015-03-31":65.93,"2017-09-30":64.33,"2015-12-31":68.47,"2016-03-31":67.2,"2017-12-31":65.58,"2016-09-30":67.08,"2015-09-30":67.03}],["Other Income",{"2016-06-30":2806.61,"2016-12-31":3142.67,"2017-03-31":3446.26,"2017-06-30":3516.66,"2015-06-30":2461.91,"2015-03-31":2563.76,"2017-09-30":3605.9,"2015-12-31":2872.19,"2016-03-31":2865.86,"2017-12-31":3869.17,"2016-09-30":2900.95,"2015-09-30":2551.76}],["Depreciation",{"2016-06-30":0.0,"2016-12-31":0.0,"2017-03-31":0.0,"2017-06-30":0.0,"2015-06-30":0.0,"2015-03-31":0.0,"2017-09-30":0.0,"2015-12-31":0.0,"2016-03-31":0.0,"2017-12-31":0.0,"2016-09-30":0.0,"2015-09-30":0.0}],["Interest",{"2016-06-30":8734.58,"2016-12-31":9296.51,"2017-03-31":9059.3,"2017-06-30":9297.98,"2015-06-30":7652.29,"2015-03-31":6993.22,"2017-09-30":9918.21,"2015-12-31":8342.61,"2016-03-31":8543.41,"2017-12-31":10266.93,"2016-09-30":9076.35,"2015-09-30":8091.62}],["Profit before tax",{"2016-06-30":4952.46,"2016-12-31":5893.47,"2017-03-31":6017.6,"2017-06-30":5961.18,"2015-06-30":4121.9,"2015-03-31":4145.3,"2017-09-30":6341.73,"2015-12-31":5081.98,"2016-03-31":5072.46,"2017-12-31":7099.85,"2016-09-30":5275.56,"2015-09-30":4361.6}],["Tax",{"2016-06-30":1713.55,"2016-12-31":2028.14,"2017-03-31":2027.51,"2017-06-30":2067.34,"2015-06-30":1426.18,"2015-03-31":1338.39,"2017-09-30":2190.7,"2015-12-31":1725.14,"2016-03-31":1698.24,"2017-12-31":2457.25,"2016-09-30":1820.23,"2015-09-30":1492.15}],["Net Profit",{"2016-06-30":3238.91,"2016-12-31":3865.33,"2017-03-31":3990.09,"2017-06-30":3893.84,"2015-06-30":2695.72,"2015-03-31":2806.91,"2017-09-30":4151.03,"2015-12-31":3356.84,"2016-03-31":3374.22,"2017-12-31":4642.6,"2016-09-30":3455.33,"2015-09-30":2869.45}]]},"bse_code":"500180","short_name":"HDFC Bank","nse_code":"HDFCBANK","companyrating_set":[{"rating__rating":"CRISIL GVC Level 1","instrument":"Governance and Value Creation Rating","rating__source":"crisil","link":"http://www.crisil.com/ratings/company-wise-ratings.jsp?txtSearch=HDFC Bank Ltd"},{"rating__rating":"CRISIL AAA(Stable)","instrument":"Infrastructure Bonds","rating__source":"crisil","link":"http://www.crisil.com/ratings/company-wise-ratings.jsp?txtSearch=HDFC Bank Ltd"},{"rating__rating":"IND AAA(Stable)","instrument":"Long Term Rating","rating__source":"fitch","link":"http://www.indiaratings.co.in/search/search.jsp?q=HDFC Bank Ltd"},{"rating__rating":"CARE AAA","instrument":"LT InstrumentsBonds","rating__source":"care","link":"http://google.com/search?btnI=1&q=HDFC Bank Ltd+site:careratings.com"},{"rating__rating":"CARE AAA (FD)","instrument":"MT InstrumentsFD","rating__source":"care","link":"http://google.com/search?btnI=1&q=HDFC Bank Ltd+site:careratings.com"},{"rating__rating":"CRISIL AAA(SO)","instrument":"Pass Through Certificate","rating__source":"crisil","link":"http://www.crisil.com/ratings/company-wise-ratings.jsp?txtSearch=HDFC Bank Ltd"},{"rating__rating":"CRISIL AAA(Stable)","instrument":"Perpetual Tier-I Bonds (under Basel II)(LT)","rating__source":"crisil","link":"http://www.crisil.com/ratings/company-wise-ratings.jsp?txtSearch=HDFC Bank Ltd"},{"rating__rating":"IND A1+(Stable)","instrument":"Short Term","rating__source":"fitch","link":"http://www.indiaratings.co.in/search/search.jsp?q=HDFC Bank Ltd"},{"rating__rating":"CARE A1+","instrument":"ST InstrumentsCertificate Of Deposit","rating__source":"care","link":"http://google.com/search?btnI=1&q=HDFC Bank Ltd+site:careratings.com"},{"rating__rating":"CRISIL AAA(SO)","instrument":"Structured Debt Obligation","rating__source":"crisil","link":"http://www.crisil.com/ratings/company-wise-ratings.jsp?txtSearch=HDFC Bank Ltd"},{"rating__rating":"IND tAAA(Stable)","instrument":"Term Deposit","rating__source":"fitch","link":"http://www.indiaratings.co.in/search/search.jsp?q=HDFC Bank Ltd"},{"rating__rating":"CRISIL AAA(Stable)","instrument":"Upper Tier-II Bonds (under Basel II)(LT)","rating__source":"crisil","link":"http://www.crisil.com/ratings/company-wise-ratings.jsp?txtSearch=HDFC Bank Ltd"}],"annualreport_set":[{"source":"bse","report_date":2017,"link":"http://www.bseindia.com/bseplus/AnnualReport/500180/5001800317.pdf"},{"source":"bse","report_date":2016,"link":"http://www.bseindia.com/bseplus/AnnualReport/500180/5001800316.pdf"},{"source":"bse","report_date":2015,"link":"http://www.bseindia.com/bseplus/AnnualReport/500180/5001800315.pdf"},{"source":"bse","report_date":2014,"link":"http://www.bseindia.com/bseplus/AnnualReport/500180/5001800314.pdf"},{"source":"bse","report_date":2013,"link":"http://www.bseindia.com/bseplus/annualreport/500180/5001800313.pdf"},{"source":"nse","report_date":2012,"link":"http://nseindia.com/annual_reports/AR_HDFCBANK_2011_2012_20062012100212.zip"},{"source":"bse","report_date":2011,"link":"http://www.bseindia.com/bseplus/annualreport/500180/5001800311.pdf"},{"source":"nse","report_date":2011,"link":"http://nseindia.com/annual_reports/AR_HDFCBANK_2010_2011_14072011105623.zip"},{"source":"bse","report_date":2010,"link":"http://www.bseindia.com/bseplus/annualreport/500180/5001800310.pdf"},{"source":"nse","report_date":2010,"link":"http://nseindia.com/annual_reports/AR_HDFCBANK_2009_2010_18082010121500.zip"}],"announcement_set":[{"ann_date":"05 Apr 2018","announcement":"Compliance Certificate For Period Ended 31St March 2018","link":"https://www.bseindia.com/corporates/anndet_new.aspx?newsid=9c786258-877d-4099-afd6-7e38e3c8cbe3"},{"ann_date":"31 Mar 2018","announcement":"Board to consider Q4 & FY18 results & Dividend on April 21, 2018","link":"https://www.bseindia.com/corporates/anndet_new.aspx?newsid=4418f30f-c025-457b-be20-b3f24743c1eb"},{"ann_date":"31 Mar 2018","announcement":"Board Meeting On 21St April, 2018","link":"https://www.bseindia.com/corporates/anndet_new.aspx?newsid=e5ad4635-67e9-4a9a-8734-d0c6f37e1a5a"},{"ann_date":"23 Mar 2018","announcement":"Announcement under Regulation 30 (LODR)-Analyst / Investor Meet - Intimation","link":"https://www.bseindia.com/corporates/anndet_new.aspx?newsid=8b0e062c-4b20-437f-a149-27fec1946f4e"},{"ann_date":"22 Mar 2018","announcement":"Announcement under Regulation 30 (LODR)-Allotment of ESOP / ESPS","link":"https://www.bseindia.com/corporates/anndet_new.aspx?newsid=6564cb4c-5bc2-45c4-af4f-0c66b723071f"}],"warehouse_set":{"high_price":2015.0,"low_price":1425.05,"sales_growth":14.65,"current_price":1923.4,"dividend_yield":0.56,"face_value":2.0,"id":1789,"sales_growth_3years":18.99,"profit_growth_5years":23.01,"average_return_on_equity_3years":18.44,"book_value":393.63,"status":"Active","pair_url":"/company/HDFCBANK/consolidated","sales_growth_10years":23.84,"average_return_on_equity_10years":18.2,"profit_growth":19.69,"market_capitalization":499139.66,"profit_growth_10years":27.89,"price_to_earning":29.93,"industry":"Banks","analysis":{"remarks":[],"bad":["Company has low interest coverage ratio.","Promoter holding is low: 20.97%","Contingent liabilities of Rs.848717.62 Cr.","Company might be capitalizing the interest cost"],"good":["Company has been maintaining a healthy dividend payout of 19.50%"]},"result_type":"sa","profit_growth_3years":19.73,"sales_growth_5years":19.98,"return_on_equity":17.95,"average_return_on_equity_5years":19.07},"id":1298,"name":"HDFC Bank Ltd"}
