{"prime":"con","number_set":{"balancesheet":[["Share Capital",{"2008-03-31":284.03,"2016-03-31":315.97,"2014-03-31":312.1,"2011-03-31":293.37,"2015-03-31":314.94,"2013-03-31":309.27,"2006-03-31":249.56,"2012-03-31":295.39,"2017-03-31":317.73,"2010-03-31":287.11,"2009-03-31":284.45,"2007-03-31":253.0}],["Reserves",{"2008-03-31":11663.31,"2016-03-31":33753.99,"2014-03-31":27643.09,"2011-03-31":17023.14,"2015-03-31":30655.03,"2013-03-31":24520.94,"2006-03-31":4218.77,"2012-03-31":18722.19,"2017-03-31":39276.55,"2010-03-31":14910.55,"2009-03-31":12852.94,"2007-03-31":5298.39}],["Borrowings",{"2008-03-31":69151.22,"2016-03-31":237762.94,"2014-03-31":183973.19,"2011-03-31":115112.3,"2015-03-31":208599.03,"2013-03-31":158828.11,"2006-03-31":46721.35,"2012-03-31":139127.5,"2017-03-31":279732.15,"2010-03-31":96565.3,"2009-03-31":83856.08,"2007-03-31":57193.03}],["Other Liabilities",{"2008-03-31":3375.61,"2016-03-31":18063.24,"2014-03-31":13582.23,"2011-03-31":6863.12,"2015-03-31":15168.22,"2013-03-31":11752.46,"2006-03-31":2268.59,"2012-03-31":9424.3,"2017-03-31":18205.7,"2010-03-31":4928.45,"2009-03-31":4715.35,"2007-03-31":2881.63}],["Total Liabilities",{"2008-03-31":84474.17,"2016-03-31":289896.14,"2014-03-31":225510.61,"2011-03-31":139291.93,"2015-03-31":254737.22,"2013-03-31":195410.78,"2006-03-31":53458.27,"2012-03-31":167569.38,"2017-03-31":337532.13,"2010-03-31":116691.41,"2009-03-31":101708.82,"2007-03-31":65626.05}],["Fixed Assets",{"2008-03-31":208.49,"2016-03-31":664.53,"2014-03-31":280.48,"2011-03-31":233.95,"2015-03-31":676.96,"2013-03-31":237.94,"2006-03-31":247.31,"2012-03-31":233.95,"2017-03-31":642.34,"2010-03-31":222.11,"2009-03-31":203.41,"2007-03-31":213.07}],["CWIP",{"2008-03-31":0.0,"2016-03-31":0.0,"2014-03-31":0.0,"2011-03-31":0.0,"2015-03-31":0.0,"2013-03-31":0.0,"2006-03-31":0.0,"2012-03-31":0.0,"2017-03-31":0.0,"2010-03-31":0.0,"2009-03-31":0.0,"2007-03-31":0.0}],["Investments",{"2008-03-31":6915.01,"2016-03-31":15345.43,"2014-03-31":13912.65,"2011-03-31":11832.42,"2015-03-31":14294.34,"2013-03-31":13613.46,"2006-03-31":3876.34,"2012-03-31":12207.0,"2017-03-31":20410.1,"2010-03-31":10727.45,"2009-03-31":10468.75,"2007-03-31":3666.23}],["Other Assets",{"2008-03-31":77350.67,"2016-03-31":273886.18,"2014-03-31":211317.48,"2011-03-31":127225.56,"2015-03-31":239765.92,"2013-03-31":181559.38,"2006-03-31":49334.62,"2012-03-31":155128.43,"2017-03-31":316479.69,"2010-03-31":105741.85,"2009-03-31":91036.66,"2007-03-31":61746.75}],["Total Assets",{"2008-03-31":84474.17,"2016-03-31":289896.14,"2014-03-31":225510.61,"2011-03-31":139291.93,"2015-03-31":254737.22,"2013-03-31":195410.78,"2006-03-31":53458.27,"2012-03-31":167569.38,"2017-03-31":337532.13,"2010-03-31":116691.41,"2009-03-31":101708.82,"2007-03-31":65626.05}]],"annual":[["Sales",{"2008-03-31":8176.35,"2016-03-31":30905.12,"2014-03-31":24143.07,"2011-03-31":12852.93,"2015-03-31":27401.16,"2013-03-31":21112.5,"2006-03-31":4210.39,"2012-03-31":17332.77,"2017-03-31":33112.79,"2010-03-31":11338.28,"2009-03-31":10994.79,"2007-03-31":5831.68}],["Expenses",{"2008-03-31":299.34,"2016-03-31":1419.54,"2014-03-31":696.19,"2011-03-31":431.97,"2015-03-31":841.85,"2013-03-31":660.3,"2006-03-31":213.38,"2012-03-31":511.34,"2017-03-31":1480.76,"2010-03-31":363.56,"2009-03-31":348.71,"2007-03-31":244.17}],["Operating Profit",{"2008-03-31":7877.01,"2016-03-31":29485.58,"2014-03-31":23446.88,"2011-03-31":12420.96,"2015-03-31":26559.31,"2013-03-31":20452.2,"2006-03-31":3997.01,"2012-03-31":16821.43,"2017-03-31":31632.03,"2010-03-31":10974.72,"2009-03-31":10646.08,"2007-03-31":5587.51}],["OPM",{"2008-03-31":96.34,"2016-03-31":95.41,"2014-03-31":97.12,"2011-03-31":96.64,"2015-03-31":96.93,"2013-03-31":96.87,"2006-03-31":94.93,"2012-03-31":97.05,"2017-03-31":95.53,"2010-03-31":96.79,"2009-03-31":96.83,"2007-03-31":95.81}],["Other Income",{"2008-03-31":697.68,"2016-03-31":51.45,"2014-03-31":54.6,"2011-03-31":25.14,"2015-03-31":69.7,"2013-03-31":35.12,"2006-03-31":76.5,"2012-03-31":21.51,"2017-03-31":46.81,"2010-03-31":22.55,"2009-03-31":22.87,"2007-03-31":70.96}],["Interest",{"2008-03-31":5184.59,"2016-03-31":19374.51,"2014-03-31":16029.37,"2011-03-31":7559.94,"2015-03-31":17975.09,"2013-03-31":13890.89,"2006-03-31":2497.52,"2012-03-31":11156.78,"2017-03-31":20896.2,"2010-03-31":7063.08,"2009-03-31":7432.45,"2007-03-31":3673.23}],["Depreciation",{"2008-03-31":16.6,"2016-03-31":54.28,"2014-03-31":31.87,"2011-03-31":19.2,"2015-03-31":29.78,"2013-03-31":23.59,"2006-03-31":18.69,"2012-03-31":20.54,"2017-03-31":55.96,"2010-03-31":18.2,"2009-03-31":17.46,"2007-03-31":17.46}],["Profit before tax",{"2008-03-31":3373.5,"2016-03-31":10108.1,"2014-03-31":7440.24,"2011-03-31":4866.96,"2015-03-31":8624.14,"2013-03-31":6572.84,"2006-03-31":1557.3,"2012-03-31":5665.62,"2017-03-31":10726.64,"2010-03-31":3915.99,"2009-03-31":3219.04,"2007-03-31":1967.78}],["Tax",{"2008-03-31":937.25,"2016-03-31":3015.0,"2014-03-31":2000.0,"2011-03-31":1332.0,"2015-03-31":2634.0,"2013-03-31":1724.5,"2006-03-31":300.0,"2012-03-31":1543.0,"2017-03-31":3284.0,"2010-03-31":1089.5,"2009-03-31":936.5,"2007-03-31":397.4}],["Net Profit",{"2008-03-31":2436.25,"2016-03-31":7093.1,"2014-03-31":5440.24,"2011-03-31":3534.96,"2015-03-31":5990.14,"2013-03-31":4848.34,"2006-03-31":1257.3,"2012-03-31":4122.62,"2017-03-31":7442.64,"2010-03-31":2826.49,"2009-03-31":2282.54,"2007-03-31":1570.38}],["EPS (unadj)",{"2008-03-31":81.53,"2016-03-31":41.98,"2014-03-31":32.48,"2011-03-31":22.64,"2015-03-31":35.32,"2013-03-31":29.23,"2006-03-31":47.58,"2012-03-31":26.13,"2017-03-31":46.85,"2010-03-31":92.47,"2009-03-31":75.3,"2007-03-31":58.33}],["Dividend Payout",{"2008-03-31":29.15,"2016-03-31":37.86,"2014-03-31":40.16,"2011-03-31":37.35,"2015-03-31":39.43,"2013-03-31":39.87,"2006-03-31":39.7,"2012-03-31":39.41,"2017-03-31":38.42,"2010-03-31":36.57,"2009-03-31":37.39,"2007-03-31":35.44}]],"cashflow":[["Cash from Operating Activity",{"2008-03-31":1893.83,"2016-03-31":-27404.59,"2014-03-31":-21468.89,"2011-03-31":-17211.6,"2015-03-31":-25469.23,"2013-03-31":-19839.82,"2006-03-31":1151.09,"2012-03-31":-23755.17,"2017-03-31":-33563.86,"2010-03-31":-9732.65,"2009-03-31":-8749.64,"2007-03-31":1648.99}],["Cash from Investing Activity",{"2008-03-31":-2380.13,"2016-03-31":853.27,"2014-03-31":151.93,"2011-03-31":-527.22,"2015-03-31":199.44,"2013-03-31":-866.62,"2006-03-31":-425.94,"2012-03-31":179.7,"2017-03-31":-3953.19,"2010-03-31":112.29,"2009-03-31":-3414.59,"2007-03-31":582.44}],["Cash from Financing Activity",{"2008-03-31":-109.29,"2016-03-31":26301.36,"2014-03-31":23627.63,"2011-03-31":18644.22,"2015-03-31":22392.0,"2013-03-31":21531.09,"2006-03-31":-250.85,"2012-03-31":22695.27,"2017-03-31":39087.87,"2010-03-31":13149.38,"2009-03-31":13082.08,"2007-03-31":-2059.7}],["Net Cash Flow",{"2008-03-31":-595.59,"2016-03-31":-249.96,"2014-03-31":2310.67,"2011-03-31":905.4,"2015-03-31":-2877.79,"2013-03-31":824.65,"2006-03-31":474.3,"2012-03-31":-880.2,"2017-03-31":1570.82,"2010-03-31":3529.02,"2009-03-31":917.85,"2007-03-31":171.73}]],"quarters":[["Sales",{"2016-06-30":8382.27,"2016-12-31":8137.18,"2017-03-31":8502.03,"2017-06-30":8130.88,"2015-06-30":7018.55,"2015-03-31":7447.97,"2017-09-30":8750.56,"2015-12-31":7268.44,"2016-03-31":9210.53,"2017-12-31":8683.36,"2016-09-30":8091.31,"2015-09-30":7407.6}],["Expenses",{"2016-06-30":553.33,"2016-12-31":316.97,"2017-03-31":324.72,"2017-06-30":327.31,"2015-06-30":239.49,"2015-03-31":206.97,"2017-09-30":307.99,"2015-12-31":254.42,"2016-03-31":700.12,"2017-12-31":322.42,"2016-09-30":285.78,"2015-09-30":225.65}],["Operating Profit",{"2016-06-30":7828.94,"2016-12-31":7820.21,"2017-03-31":8177.31,"2017-06-30":7803.57,"2015-06-30":6779.06,"2015-03-31":7241.0,"2017-09-30":8442.57,"2015-12-31":7014.02,"2016-03-31":8510.41,"2017-12-31":8360.94,"2016-09-30":7805.53,"2015-09-30":7181.95}],["OPM",{"2016-06-30":93.4,"2016-12-31":96.1,"2017-03-31":96.18,"2017-06-30":95.97,"2015-06-30":96.59,"2015-03-31":97.22,"2017-09-30":96.48,"2015-12-31":96.5,"2016-03-31":92.4,"2017-12-31":96.29,"2016-09-30":96.47,"2015-09-30":96.95}],["Other Income",{"2016-06-30":11.06,"2016-12-31":11.43,"2017-03-31":12.48,"2017-06-30":10.88,"2015-06-30":10.82,"2015-03-31":8.46,"2017-09-30":10.36,"2015-12-31":11.73,"2016-03-31":15.19,"2017-12-31":3687.04,"2016-09-30":11.84,"2015-09-30":13.71}],["Depreciation",{"2016-06-30":14.11,"2016-12-31":14.19,"2017-03-31":13.65,"2017-06-30":11.33,"2015-06-30":13.39,"2015-03-31":13.09,"2017-09-30":11.76,"2015-12-31":13.68,"2016-03-31":13.68,"2017-12-31":12.08,"2016-09-30":14.01,"2015-09-30":13.53}],["Interest",{"2016-06-30":5126.16,"2016-12-31":5286.24,"2017-03-31":5237.94,"2017-06-30":5444.38,"2015-06-30":4824.51,"2015-03-31":4582.94,"2017-09-30":5534.05,"2015-12-31":4821.56,"2016-03-31":4869.87,"2017-12-31":5545.69,"2016-09-30":5245.86,"2015-09-30":4858.57}],["Profit before tax",{"2016-06-30":2699.73,"2016-12-31":2531.21,"2017-03-31":2938.2,"2017-06-30":2358.74,"2015-06-30":1951.98,"2015-03-31":2653.43,"2017-09-30":2907.12,"2015-12-31":2190.51,"2016-03-31":3642.05,"2017-12-31":6490.21,"2016-09-30":2557.5,"2015-09-30":2323.56}],["Tax",{"2016-06-30":829.0,"2016-12-31":830.0,"2017-03-31":894.0,"2017-06-30":803.0,"2015-06-30":591.0,"2015-03-31":791.0,"2017-09-30":806.0,"2015-12-31":670.0,"2016-03-31":1035.0,"2017-12-31":820.0,"2016-09-30":731.0,"2015-09-30":719.0}],["Net Profit",{"2016-06-30":1870.73,"2016-12-31":1701.21,"2017-03-31":2044.2,"2017-06-30":1555.74,"2015-06-30":1360.98,"2015-03-31":1862.43,"2017-09-30":2101.12,"2015-12-31":1520.51,"2016-03-31":2607.05,"2017-12-31":5670.21,"2016-09-30":1826.5,"2015-09-30":1604.56}]]},"bse_code":"500010","short_name":"H D F C","nse_code":"HDFC","companyrating_set":[{"rating__rating":"CARE A1+","instrument":"Bank FacilitiesTerm Loan","rating__source":"care","link":"http://google.com/search?btnI=1&q=Housing Development Finance Corporation Ltd+site:careratings.com"},{"rating__rating":"CARE AAA","instrument":"Bank FacilitiesTerm Loan","rating__source":"care","link":"http://google.com/search?btnI=1&q=Housing Development Finance Corporation Ltd+site:careratings.com"},{"rating__rating":"CRISIL AAA(Stable)","instrument":"Bond","rating__source":"crisil","link":"http://www.crisil.com/ratings/company-wise-ratings.jsp?txtSearch=Housing Development Finance Corporation Ltd"},{"rating__rating":"IrAAA (Stable)","instrument":"Financial Sector Rating-Issuer Rating","rating__source":"icra","link":"http://icra.in/search.aspx?word=Housing Development Finance Corporation Ltd"},{"rating__rating":"[ICRA]AAA (stable)","instrument":"Financial Sector Rating-Long Term","rating__source":"icra","link":"http://icra.in/search.aspx?word=Housing Development Finance Corporation Ltd"},{"rating__rating":"MAAA (stable)","instrument":"Financial Sector Rating-Medium Term","rating__source":"icra","link":"http://icra.in/search.aspx?word=Housing Development Finance Corporation Ltd"},{"rating__rating":"[ICRA]A1+","instrument":"Financial Sector Rating-Short Term","rating__source":"icra","link":"http://icra.in/search.aspx?word=Housing Development Finance Corporation Ltd"},{"rating__rating":"FAAA(Stable)","instrument":"Fixed Deposit","rating__source":"crisil","link":"http://www.crisil.com/ratings/company-wise-ratings.jsp?txtSearch=Housing Development Finance Corporation Ltd"},{"rating__rating":"CRISIL GVC Level 1","instrument":"Governance and Value Creation Rating","rating__source":"crisil","link":"http://www.crisil.com/ratings/company-wise-ratings.jsp?txtSearch=Housing Development Finance Corporation Ltd"},{"rating__rating":"CARE AAA (Is)","instrument":"Issuer Rating","rating__source":"care","link":"http://google.com/search?btnI=1&q=Housing Development Finance Corporation Ltd+site:careratings.com"},{"rating__rating":"IrAAA (Stable)","instrument":"Issuer Rating-","rating__source":"icra","link":"http://icra.in/search.aspx?word=Housing Development Finance Corporation Ltd"},{"rating__rating":"[ICRA]AAA (stable)","instrument":"Issuer Rating-Long Term","rating__source":"icra","link":"http://icra.in/search.aspx?word=Housing Development Finance Corporation Ltd"},{"rating__rating":"MAAA (stable)","instrument":"Issuer Rating-Medium Term","rating__source":"icra","link":"http://icra.in/search.aspx?word=Housing Development Finance Corporation Ltd"},{"rating__rating":"[ICRA]A1+","instrument":"Issuer Rating-Short Term","rating__source":"icra","link":"http://icra.in/search.aspx?word=Housing Development Finance Corporation Ltd"},{"rating__rating":"CRISIL AAA(Stable)","instrument":"Non Convertible Debenture","rating__source":"crisil","link":"http://www.crisil.com/ratings/company-wise-ratings.jsp?txtSearch=Housing Development Finance Corporation Ltd"},{"rating__rating":"CRISIL AAA(SO)","instrument":"Pass Through Certificate","rating__source":"crisil","link":"http://www.crisil.com/ratings/company-wise-ratings.jsp?txtSearch=Housing Development Finance Corporation Ltd"},{"rating__rating":"CRISIL A1+","instrument":"Short Term Debt","rating__source":"crisil","link":"http://www.crisil.com/ratings/company-wise-ratings.jsp?txtSearch=Housing Development Finance Corporation Ltd"},{"rating__rating":"CRISIL AAA(SO)","instrument":"Structured Debt Obligation","rating__source":"crisil","link":"http://www.crisil.com/ratings/company-wise-ratings.jsp?txtSearch=Housing Development Finance Corporation Ltd"},{"rating__rating":"CRISIL BBB(SO)","instrument":"Structured Debt Obligation","rating__source":"crisil","link":"http://www.crisil.com/ratings/company-wise-ratings.jsp?txtSearch=Housing Development Finance Corporation Ltd"},{"rating__rating":"CRISIL AAA(Stable)","instrument":"Subordinated Debt","rating__source":"crisil","link":"http://www.crisil.com/ratings/company-wise-ratings.jsp?txtSearch=Housing Development Finance Corporation Ltd"}],"annualreport_set":[{"source":"bse","report_date":2017,"link":"http://www.bseindia.com/bseplus/AnnualReport/500010/5000100317.pdf"},{"source":"bse","report_date":2016,"link":"http://www.bseindia.com/bseplus/AnnualReport/500010/5000100316.pdf"},{"source":"bse","report_date":2015,"link":"http://www.bseindia.com/bseplus/AnnualReport/500010/5000100315.pdf"},{"source":"bse","report_date":2014,"link":"http://www.bseindia.com/bseplus/AnnualReport/500010/5000100314.pdf"},{"source":"bse","report_date":2013,"link":"http://www.bseindia.com/bseplus/annualreport/500010/5000100313.pdf"},{"source":"bse","report_date":2012,"link":"http://www.bseindia.com/bseplus/annualreport/500010/5000100312.PDF"},{"source":"bse","report_date":2011,"link":"http://www.bseindia.com/bseplus/annualreport/500010/5000100311.pdf"},{"source":"nse","report_date":2011,"link":"http://nseindia.com/annual_reports/AR_HDFC_2010_2011_11102011034040.zip"},{"source":"bse","report_date":2010,"link":"http://www.bseindia.com/bseplus/annualreport/500010/5000100310.pdf"},{"source":"nse","report_date":2010,"link":"http://nseindia.com/annual_reports/AR_HDFC_2009_2010_25082010120000.zip"}],"announcement_set":[{"ann_date":"05 Apr 2018","announcement":"Statement Of Investor Complaints For The Quarter Ended March 2018","link":"https://www.bseindia.com/corporates/anndet_new.aspx?newsid=5321ce9e-4cb5-4fdc-885a-ef3eac304663"},{"ann_date":"04 Apr 2018","announcement":"Intimation In Terms Of Regulation 40(10) Of The SEBI (Listing Obligations And Disclosure Requirements) Regulations, 2015.","link":"https://www.bseindia.com/corporates/anndet_new.aspx?newsid=6309c281-0b09-4fc8-97d2-cb6ce5fd0eec"},{"ann_date":"03 Apr 2018","announcement":"Compliance Certificate For Period Ended March 31, 2018","link":"https://www.bseindia.com/corporates/anndet_new.aspx?newsid=40418ad2-2390-43cb-b0bc-aa2da277900b"},{"ann_date":"03 Apr 2018","announcement":"Announcement under Regulation 30 (LODR)-Newspaper Publication","link":"https://www.bseindia.com/corporates/anndet_new.aspx?newsid=0e8fc125-5657-4573-a54c-ae354772844f"},{"ann_date":"03 Apr 2018","announcement":"Intimation Under SEBI (Listing Obligations And Disclosure Requirements) Regulations, 2015 - March 2018 Quarter Update","link":"https://www.bseindia.com/corporates/anndet_new.aspx?newsid=6c6b77e2-24e4-4b06-b3ed-30e24088ab81"}],"warehouse_set":{"high_price":1986.05,"low_price":1460.0,"sales_growth":0.73,"current_price":1829.0,"dividend_yield":0.93,"face_value":2.0,"id":2067,"sales_growth_3years":11.1,"profit_growth_5years":12.54,"average_return_on_equity_3years":20.77,"book_value":291.91,"status":"Active","pair_url":"/company/HDFC/consolidated","sales_growth_10years":16.81,"average_return_on_equity_10years":20.44,"profit_growth":42.04,"market_capitalization":306518.43,"profit_growth_10years":15.87,"price_to_earning":37.27,"industry":"Housing Finance ","analysis":{"remarks":[],"bad":["Company has low interest coverage ratio."],"good":["Company has been maintaining a healthy dividend payout of 38.52%"]},"result_type":"sa","profit_growth_3years":11.01,"sales_growth_5years":13.82,"return_on_equity":20.21,"average_return_on_equity_5years":20.95},"id":1371,"name":"Housing Development Finance Corporation Ltd"}
