{"prime":"con","number_set":{"balancesheet":[["Share Capital",{"2009-12-31":28.73,"2016-12-31":60.41,"2014-12-31":60.19,"2006-12-31":176.39,"2008-12-31":28.73,"2012-12-31":59.31,"2010-12-31":29.04,"2015-12-31":60.31,"2005-12-31":23.87,"2013-12-31":59.98,"2007-12-31":28.72,"2011-12-31":58.67}],["Reserves",{"2009-12-31":734.17,"2016-12-31":1262.42,"2014-12-31":977.15,"2006-12-31":534.01,"2008-12-31":549.79,"2012-12-31":925.3,"2010-12-31":845.16,"2015-12-31":1049.64,"2005-12-31":302.02,"2013-12-31":828.55,"2007-12-31":651.71,"2011-12-31":799.87}],["Borrowings",{"2009-12-31":0.0,"2016-12-31":0.0,"2014-12-31":0.0,"2006-12-31":0.0,"2008-12-31":0.0,"2012-12-31":0.0,"2010-12-31":0.0,"2015-12-31":0.0,"2005-12-31":1.07,"2013-12-31":0.0,"2007-12-31":0.0,"2011-12-31":0.0}],["Other Liabilities",{"2009-12-31":201.35,"2016-12-31":356.17,"2014-12-31":409.44,"2006-12-31":247.64,"2008-12-31":269.6,"2012-12-31":334.02,"2010-12-31":216.02,"2015-12-31":396.52,"2005-12-31":72.21,"2013-12-31":584.62,"2007-12-31":209.58,"2011-12-31":381.46}],["Total Liabilities",{"2009-12-31":964.25,"2016-12-31":1679.0,"2014-12-31":1446.78,"2006-12-31":808.05,"2008-12-31":848.12,"2012-12-31":1318.63,"2010-12-31":1090.22,"2015-12-31":1506.47,"2005-12-31":399.17,"2013-12-31":1473.15,"2007-12-31":890.01,"2011-12-31":1240.0}],["Fixed Assets",{"2009-12-31":136.23,"2016-12-31":294.6,"2014-12-31":310.33,"2006-12-31":90.6,"2008-12-31":127.43,"2012-12-31":251.23,"2010-12-31":145.43,"2015-12-31":301.04,"2005-12-31":75.94,"2013-12-31":301.89,"2007-12-31":108.07,"2011-12-31":212.45}],["CWIP",{"2009-12-31":125.74,"2016-12-31":216.56,"2014-12-31":34.65,"2006-12-31":32.72,"2008-12-31":143.06,"2012-12-31":75.68,"2010-12-31":96.84,"2015-12-31":110.54,"2005-12-31":0.0,"2013-12-31":21.25,"2007-12-31":91.9,"2011-12-31":79.87}],["Investments",{"2009-12-31":328.01,"2016-12-31":227.94,"2014-12-31":378.66,"2006-12-31":449.52,"2008-12-31":203.98,"2012-12-31":435.99,"2010-12-31":244.12,"2015-12-31":242.66,"2005-12-31":105.99,"2013-12-31":534.12,"2007-12-31":434.47,"2011-12-31":229.84}],["Other Assets",{"2009-12-31":374.27,"2016-12-31":939.9,"2014-12-31":723.14,"2006-12-31":235.21,"2008-12-31":373.65,"2012-12-31":555.73,"2010-12-31":603.83,"2015-12-31":852.23,"2005-12-31":217.24,"2013-12-31":615.89,"2007-12-31":255.57,"2011-12-31":717.84}],["Total Assets",{"2009-12-31":964.25,"2016-12-31":1679.0,"2014-12-31":1446.78,"2006-12-31":808.05,"2008-12-31":848.12,"2012-12-31":1318.63,"2010-12-31":1090.22,"2015-12-31":1506.47,"2005-12-31":399.17,"2013-12-31":1473.15,"2007-12-31":890.01,"2011-12-31":1240.0}]],"annual":[["Sales",{"2009-12-31":486.27,"2016-12-31":1393.04,"2014-12-31":1154.56,"2006-12-31":412.69,"2008-12-31":498.17,"2012-12-31":912.47,"2010-12-31":423.65,"2015-12-31":1293.6,"2005-12-31":355.79,"2013-12-31":1019.95,"2007-12-31":468.8,"2011-12-31":678.58}],["Expenses",{"2009-12-31":371.9,"2016-12-31":908.95,"2014-12-31":791.81,"2006-12-31":353.03,"2008-12-31":456.1,"2012-12-31":589.65,"2010-12-31":418.93,"2015-12-31":854.58,"2005-12-31":271.88,"2013-12-31":611.69,"2007-12-31":512.01,"2011-12-31":448.46}],["Operating Profit",{"2009-12-31":114.37,"2016-12-31":484.09,"2014-12-31":362.75,"2006-12-31":59.66,"2008-12-31":42.07,"2012-12-31":322.82,"2010-12-31":4.72,"2015-12-31":439.02,"2005-12-31":83.91,"2013-12-31":408.26,"2007-12-31":-43.21,"2011-12-31":230.12}],["OPM",{"2009-12-31":23.52,"2016-12-31":34.75,"2014-12-31":31.42,"2006-12-31":14.46,"2008-12-31":8.44,"2012-12-31":35.38,"2010-12-31":1.11,"2015-12-31":33.94,"2005-12-31":23.58,"2013-12-31":40.03,"2007-12-31":-9.22,"2011-12-31":33.91}],["Other Income",{"2009-12-31":34.11,"2016-12-31":9.44,"2014-12-31":59.48,"2006-12-31":78.94,"2008-12-31":20.91,"2012-12-31":45.85,"2010-12-31":115.6,"2015-12-31":10.34,"2005-12-31":14.3,"2013-12-31":33.32,"2007-12-31":54.94,"2011-12-31":44.94}],["Interest",{"2009-12-31":0.26,"2016-12-31":0.52,"2014-12-31":1.28,"2006-12-31":0.32,"2008-12-31":2.06,"2012-12-31":0.51,"2010-12-31":1.64,"2015-12-31":0.47,"2005-12-31":1.04,"2013-12-31":0.52,"2007-12-31":1.48,"2011-12-31":1.76}],["Depreciation",{"2009-12-31":18.62,"2016-12-31":42.59,"2014-12-31":39.17,"2006-12-31":15.67,"2008-12-31":19.76,"2012-12-31":26.95,"2010-12-31":17.62,"2015-12-31":40.84,"2005-12-31":17.73,"2013-12-31":31.03,"2007-12-31":16.59,"2011-12-31":18.9}],["Profit before tax",{"2009-12-31":129.6,"2016-12-31":450.41,"2014-12-31":381.78,"2006-12-31":122.61,"2008-12-31":41.16,"2012-12-31":341.21,"2010-12-31":101.06,"2015-12-31":408.05,"2005-12-31":79.44,"2013-12-31":410.03,"2007-12-31":-6.34,"2011-12-31":254.4}],["Tax",{"2009-12-31":5.4,"2016-12-31":94.35,"2014-12-31":63.38,"2006-12-31":3.95,"2008-12-31":4.4,"2012-12-31":55.61,"2010-12-31":8.23,"2015-12-31":75.09,"2005-12-31":1.9,"2013-12-31":76.06,"2007-12-31":4.42,"2011-12-31":22.42}],["Net Profit",{"2009-12-31":124.2,"2016-12-31":356.07,"2014-12-31":318.4,"2006-12-31":118.66,"2008-12-31":36.76,"2012-12-31":285.6,"2010-12-31":92.83,"2015-12-31":332.97,"2005-12-31":77.54,"2013-12-31":333.97,"2007-12-31":-10.76,"2011-12-31":231.98}],["EPS (unadj)",{"2009-12-31":8.41,"2016-12-31":10.67,"2014-12-31":8.99,"2006-12-31":8.5,"2008-12-31":2.39,"2012-12-31":8.75,"2010-12-31":5.9,"2015-12-31":9.29,"2005-12-31":6.32,"2013-12-31":9.24,"2007-12-31":0.0,"2011-12-31":7.26}],["Dividend Payout",{"2009-12-31":16.19,"2016-12-31":46.65,"2014-12-31":89.31,"2006-12-31":17.8,"2008-12-31":39.08,"2012-12-31":56.07,"2010-12-31":46.92,"2015-12-31":78.34,"2005-12-31":18.47,"2013-12-31":99.67,"2007-12-31":-106.78,"2011-12-31":50.58}]],"cashflow":[["Cash from Operating Activity",{"2009-12-31":128.89,"2016-12-31":533.83,"2014-12-31":323.18,"2006-12-31":121.66,"2008-12-31":34.23,"2012-12-31":197.21,"2010-12-31":7.48,"2015-12-31":287.6,"2005-12-31":52.31,"2013-12-31":268.51,"2007-12-31":81.03,"2011-12-31":121.99}],["Cash from Investing Activity",{"2009-12-31":-110.31,"2016-12-31":-188.54,"2014-12-31":175.75,"2006-12-31":-364.21,"2008-12-31":140.49,"2012-12-31":-233.82,"2010-12-31":166.46,"2015-12-31":26.77,"2005-12-31":-32.22,"2013-12-31":-105.65,"2007-12-31":-49.03,"2011-12-31":-18.26}],["Cash from Financing Activity",{"2009-12-31":-18.16,"2016-12-31":-249.38,"2014-12-31":-536.07,"2006-12-31":276.18,"2008-12-31":-8.61,"2012-12-31":-189.67,"2010-12-31":-21.74,"2015-12-31":-314.12,"2005-12-31":-19.49,"2013-12-31":-125.47,"2007-12-31":-26.54,"2011-12-31":-132.07}],["Net Cash Flow",{"2009-12-31":0.42,"2016-12-31":95.92,"2014-12-31":-37.14,"2006-12-31":33.63,"2008-12-31":166.11,"2012-12-31":-226.28,"2010-12-31":152.2,"2015-12-31":0.25,"2005-12-31":0.6,"2013-12-31":37.39,"2007-12-31":5.46,"2011-12-31":-28.34}]],"quarters":[["Sales",{"2016-06-30":334.47,"2016-12-31":368.84,"2017-03-31":365.72,"2017-06-30":381.4,"2015-06-30":319.14,"2015-03-31":298.96,"2017-09-30":405.11,"2015-12-31":327.11,"2016-03-31":318.27,"2017-12-31":371.88,"2016-09-30":371.46,"2015-09-30":348.39}],["Expenses",{"2016-06-30":229.75,"2016-12-31":237.46,"2017-03-31":241.14,"2017-06-30":260.04,"2015-06-30":211.14,"2015-03-31":207.73,"2017-09-30":274.43,"2015-12-31":224.78,"2016-03-31":227.77,"2017-12-31":260.34,"2016-09-30":241.41,"2015-09-30":231.23}],["Operating Profit",{"2016-06-30":104.72,"2016-12-31":131.38,"2017-03-31":124.58,"2017-06-30":121.36,"2015-06-30":108.0,"2015-03-31":91.23,"2017-09-30":130.68,"2015-12-31":102.33,"2016-03-31":90.5,"2017-12-31":111.54,"2016-09-30":130.05,"2015-09-30":117.16}],["OPM",{"2016-06-30":31.31,"2016-12-31":35.62,"2017-03-31":34.06,"2017-06-30":31.82,"2015-06-30":33.84,"2015-03-31":30.52,"2017-09-30":32.26,"2015-12-31":31.28,"2016-03-31":28.43,"2017-12-31":29.99,"2016-09-30":35.01,"2015-09-30":33.63}],["Other Income",{"2016-06-30":10.79,"2016-12-31":11.62,"2017-03-31":9.61,"2017-06-30":17.45,"2015-06-30":10.17,"2015-03-31":3.79,"2017-09-30":20.12,"2015-12-31":6.18,"2016-03-31":6.6,"2017-12-31":12.32,"2016-09-30":5.05,"2015-09-30":10.07}],["Depreciation",{"2016-06-30":10.35,"2016-12-31":10.52,"2017-03-31":10.09,"2017-06-30":12.07,"2015-06-30":9.9,"2015-03-31":10.02,"2017-09-30":12.56,"2015-12-31":10.74,"2016-03-31":10.72,"2017-12-31":12.57,"2016-09-30":10.73,"2015-09-30":10.18}],["Interest",{"2016-06-30":0.0,"2016-12-31":0.01,"2017-03-31":0.0,"2017-06-30":0.05,"2015-06-30":0.0,"2015-03-31":0.0,"2017-09-30":0.0,"2015-12-31":0.03,"2016-03-31":0.0,"2017-12-31":0.01,"2016-09-30":0.1,"2015-09-30":0.0}],["Profit before tax",{"2016-06-30":105.16,"2016-12-31":132.48,"2017-03-31":124.09,"2017-06-30":126.7,"2015-06-30":108.27,"2015-03-31":85.01,"2017-09-30":138.24,"2015-12-31":97.74,"2016-03-31":86.38,"2017-12-31":111.29,"2016-09-30":124.27,"2015-09-30":117.04}],["Tax",{"2016-06-30":22.54,"2016-12-31":27.91,"2017-03-31":24.7,"2017-06-30":25.0,"2015-06-30":21.49,"2015-03-31":14.1,"2017-09-30":23.09,"2015-12-31":16.78,"2016-03-31":15.66,"2017-12-31":12.99,"2016-09-30":28.4,"2015-09-30":22.71}],["Net Profit",{"2016-06-30":82.62,"2016-12-31":104.57,"2017-03-31":99.39,"2017-06-30":101.7,"2015-06-30":86.78,"2015-03-31":70.9,"2017-09-30":115.15,"2015-12-31":80.96,"2016-03-31":70.72,"2017-12-31":98.31,"2016-09-30":95.87,"2015-09-30":94.33}]]},"bse_code":"532129","short_name":"Hexaware Tech.","nse_code":"HEXAWARE","companyrating_set":[],"annualreport_set":[{"source":"bse","report_date":2016,"link":"http://www.bseindia.com/bseplus/AnnualReport/532129/5321290316.pdf"},{"source":"bse","report_date":2014,"link":"http://www.bseindia.com/bseplus/AnnualReport/532129/5321291214.pdf"},{"source":"bse","report_date":2013,"link":"http://www.bseindia.com/bseplus/annualreport/532129/5321291213.pdf"},{"source":"nse","report_date":2013,"link":"http://nseindia.com/annual_reports/AR_3233_HEXAWARE_2013_2013_02042014131029.zip"},{"source":"bse","report_date":2012,"link":"http://www.bseindia.com/bseplus/annualreport/532129/5321291212.pdf"},{"source":"nse","report_date":2012,"link":"http://nseindia.com/annual_reports/AR_4_HEXAWARE_2012_2012_12042013111940.zip"},{"source":"bse","report_date":2011,"link":"http://www.bseindia.com/bseplus/annualreport/532129/5321291211.PDF"},{"source":"bse","report_date":2010,"link":"http://www.bseindia.com/bseplus/annualreport/532129/5321291210.pdf"},{"source":"nse","report_date":2010,"link":"http://nseindia.com/annual_reports/AR_HEXAWARE_2010_2010_13062011100526.zip"},{"source":"nse","report_date":2009,"link":"http://nseindia.com/annual_reports/AR_HEXAWARE_2009_2009_18082010121500.zip"}],"announcement_set":[{"ann_date":"03 Apr 2018","announcement":"Book Closure For The Purpose Of 25Th Annual General Meeting","link":"https://www.bseindia.com/corporates/anndet_new.aspx?newsid=28ae5d8b-4073-4f20-bbce-059cd7243b06"},{"ann_date":"03 Apr 2018","announcement":"Board Meeting-Appointment of Director","link":"https://www.bseindia.com/corporates/anndet_new.aspx?newsid=a2d0f691-b464-4a2c-b049-162033b90223"},{"ann_date":"03 Apr 2018","announcement":"Intimation Of Date Of 25Th Annual General Meeting And Date Of Book Closure","link":"https://www.bseindia.com/corporates/anndet_new.aspx?newsid=f2961940-416e-470d-a4a2-073b49fa014e"},{"ann_date":"30 Mar 2018","announcement":"Intimation Of Closure Of Trading Window In Terms Of SEBI Insider Trading Regulations, 2015.","link":"https://www.bseindia.com/corporates/anndet_new.aspx?newsid=93dab5c5-d88c-411d-97cb-406b0c5b2e6a"},{"ann_date":"12 Mar 2018","announcement":"Auditors Report For The Financial Results 31St December, 2017","link":"https://www.bseindia.com/corporates/anndet_new.aspx?newsid=4e136dbf-23a3-44af-ad17-f9100110f907"}],"warehouse_set":{"high_price":422.95,"low_price":199.25,"sales_growth":9.41,"current_price":408.6,"dividend_yield":1.37,"face_value":2.0,"id":1182,"sales_growth_3years":10.95,"profit_growth_5years":8.95,"average_return_on_equity_3years":30.96,"book_value":58.53,"status":"Active","pair_url":"/company/HEXAWARE/consolidated","sales_growth_10years":12.86,"average_return_on_equity_10years":22.61,"profit_growth":17.18,"market_capitalization":12128.89,"profit_growth_10years":16.55,"price_to_earning":29.26,"industry":"IT Consulting & Software","analysis":{"remarks":[],"bad":[],"good":["Company is virtually debt free.","Company has a good return on equity (ROE) track record: 3 Years ROE 30.96%","Company has been maintaining a healthy dividend payout of 70.61%"]},"result_type":"sa","profit_growth_3years":2.11,"sales_growth_5years":15.47,"return_on_equity":29.26,"average_return_on_equity_5years":31.75},"id":1311,"name":"Hexaware Technologies Ltd"}
