{"prime":"sa","number_set":{"balancesheet":[["Share Capital",{"2008-03-31":339.01,"2016-03-31":339.01,"2014-03-31":339.01,"2011-03-31":339.01,"2015-03-31":339.01,"2013-03-31":339.01,"2006-03-31":338.94,"2012-03-31":339.01,"2017-03-31":1016.27,"2010-03-31":339.01,"2009-03-31":339.01,"2007-03-31":338.95}],["Reserves",{"2008-03-31":10224.28,"2016-03-31":17630.79,"2014-03-31":14673.15,"2011-03-31":12206.8,"2015-03-31":15683.08,"2013-03-31":13387.39,"2006-03-31":8396.8,"2012-03-31":12783.51,"2017-03-31":19331.14,"2010-03-31":11218.96,"2009-03-31":10391.62,"2007-03-31":9259.7}],["Borrowings",{"2008-03-31":16786.7,"2016-03-31":21167.46,"2014-03-31":32166.05,"2011-03-31":25021.16,"2015-03-31":20335.34,"2013-03-31":33788.47,"2006-03-31":6663.83,"2012-03-31":29831.23,"2017-03-31":21249.71,"2010-03-31":21302.37,"2009-03-31":22755.51,"2007-03-31":10517.53}],["Other Liabilities",{"2008-03-31":14227.68,"2016-03-31":31485.61,"2014-03-31":31544.06,"2011-03-31":23690.07,"2015-03-31":31812.78,"2013-03-31":29345.21,"2006-03-31":9416.5,"2012-03-31":28871.32,"2017-03-31":37725.82,"2010-03-31":18812.73,"2009-03-31":13640.5,"2007-03-31":11665.62}],["Total Liabilities",{"2008-03-31":41577.67,"2016-03-31":70622.87,"2014-03-31":78722.27,"2011-03-31":61257.04,"2015-03-31":68170.21,"2013-03-31":76860.08,"2006-03-31":24816.07,"2012-03-31":71825.07,"2017-03-31":79322.94,"2010-03-31":51673.07,"2009-03-31":47126.64,"2007-03-31":31781.8}],["Fixed Assets",{"2008-03-31":11929.28,"2016-03-31":33107.57,"2014-03-31":25912.24,"2011-03-31":18644.53,"2015-03-31":29062.81,"2013-03-31":22548.7,"2006-03-31":7337.4,"2012-03-31":20849.65,"2017-03-31":36131.88,"2010-03-31":15306.67,"2009-03-31":11654.75,"2007-03-31":8820.84}],["CWIP",{"2008-03-31":3315.95,"2016-03-31":1852.77,"2014-03-31":4585.56,"2011-03-31":3696.0,"2015-03-31":3474.42,"2013-03-31":5172.87,"2006-03-31":2363.88,"2012-03-31":4444.47,"2017-03-31":1810.48,"2010-03-31":3887.59,"2009-03-31":5001.07,"2007-03-31":4243.56}],["Investments",{"2008-03-31":6837.05,"2016-03-31":10578.55,"2014-03-31":10859.87,"2011-03-31":11335.02,"2015-03-31":11246.49,"2013-03-31":10626.93,"2006-03-31":4027.64,"2012-03-31":10370.5,"2017-03-31":10918.59,"2010-03-31":11387.22,"2009-03-31":14196.47,"2007-03-31":7127.47}],["Other Assets",{"2008-03-31":19495.39,"2016-03-31":25083.98,"2014-03-31":37364.6,"2011-03-31":27581.49,"2015-03-31":24386.49,"2013-03-31":38511.58,"2006-03-31":11087.15,"2012-03-31":36160.45,"2017-03-31":30461.99,"2010-03-31":21091.59,"2009-03-31":16274.35,"2007-03-31":11589.93}],["Total Assets",{"2008-03-31":41577.67,"2016-03-31":70622.87,"2014-03-31":78722.27,"2011-03-31":61257.04,"2015-03-31":68170.21,"2013-03-31":76860.08,"2006-03-31":24816.07,"2012-03-31":71825.07,"2017-03-31":79322.94,"2010-03-31":51673.07,"2009-03-31":47126.64,"2007-03-31":31781.8}]],"annual":[["Sales",{"2008-03-31":96442.92,"2016-03-31":177700.63,"2014-03-31":223351.53,"2011-03-31":133671.82,"2015-03-31":206626.18,"2013-03-31":206722.22,"2006-03-31":68029.88,"2012-03-31":178139.23,"2017-03-31":187023.71,"2010-03-31":101347.51,"2009-03-31":109377.6,"2007-03-31":83571.14}],["Expenses",{"2008-03-31":94897.76,"2016-03-31":169761.34,"2014-03-31":218185.92,"2011-03-31":130205.74,"2015-03-31":201492.86,"2013-03-31":203067.62,"2006-03-31":67236.99,"2012-03-31":174008.38,"2017-03-31":176446.66,"2010-03-31":98804.33,"2009-03-31":106582.32,"2007-03-31":81167.56}],["Operating Profit",{"2008-03-31":1545.16,"2016-03-31":7939.29,"2014-03-31":5165.61,"2011-03-31":3466.08,"2015-03-31":5133.32,"2013-03-31":3654.6,"2006-03-31":792.89,"2012-03-31":4130.85,"2017-03-31":10577.05,"2010-03-31":2543.18,"2009-03-31":2795.28,"2007-03-31":2403.58}],["OPM",{"2008-03-31":1.6,"2016-03-31":4.47,"2014-03-31":2.31,"2011-03-31":2.59,"2015-03-31":2.48,"2013-03-31":1.77,"2006-03-31":1.17,"2012-03-31":2.32,"2017-03-31":5.66,"2010-03-31":2.51,"2009-03-31":2.56,"2007-03-31":2.88}],["Other Income",{"2008-03-31":1180.43,"2016-03-31":1144.16,"2014-03-31":988.2,"2011-03-31":1170.66,"2015-03-31":1706.15,"2013-03-31":1216.28,"2006-03-31":358.32,"2012-03-31":1025.59,"2017-03-31":1514.72,"2010-03-31":1650.0,"2009-03-31":981.08,"2007-03-31":690.56}],["Interest",{"2008-03-31":766.1,"2016-03-31":653.6,"2014-03-31":1336.36,"2011-03-31":892.06,"2015-03-31":706.59,"2013-03-31":1412.8,"2006-03-31":175.88,"2012-03-31":2224.27,"2017-03-31":535.65,"2010-03-31":903.75,"2009-03-31":2082.84,"2007-03-31":422.98}],["Depreciation",{"2008-03-31":850.82,"2016-03-31":2653.21,"2014-03-31":2201.94,"2011-03-31":1406.95,"2015-03-31":1978.76,"2013-03-31":1983.52,"2006-03-31":690.23,"2012-03-31":1712.93,"2017-03-31":2535.28,"2010-03-31":1164.4,"2009-03-31":981.29,"2007-03-31":704.0}],["Profit before tax",{"2008-03-31":1108.67,"2016-03-31":5776.64,"2014-03-31":2615.51,"2011-03-31":2337.73,"2015-03-31":4154.12,"2013-03-31":1474.56,"2006-03-31":285.1,"2012-03-31":1219.24,"2017-03-31":9020.84,"2010-03-31":2125.03,"2009-03-31":712.23,"2007-03-31":1967.16}],["Tax",{"2008-03-31":-26.21,"2016-03-31":2050.48,"2014-03-31":881.74,"2011-03-31":798.72,"2015-03-31":1420.86,"2013-03-31":569.85,"2006-03-31":-120.53,"2012-03-31":307.81,"2017-03-31":2812.04,"2010-03-31":823.66,"2009-03-31":137.25,"2007-03-31":395.99}],["Net Profit",{"2008-03-31":1134.88,"2016-03-31":3726.16,"2014-03-31":1733.77,"2011-03-31":1539.01,"2015-03-31":2733.26,"2013-03-31":904.71,"2006-03-31":405.63,"2012-03-31":911.43,"2017-03-31":6208.8,"2010-03-31":1301.37,"2009-03-31":574.98,"2007-03-31":1571.17}],["EPS (unadj)",{"2008-03-31":32.97,"2016-03-31":109.91,"2014-03-31":48.51,"2011-03-31":43.13,"2015-03-31":75.64,"2013-03-31":25.24,"2006-03-31":11.55,"2012-03-31":25.51,"2017-03-31":61.09,"2010-03-31":36.4,"2009-03-31":16.07,"2007-03-31":43.47}],["Dividend Payout",{"2008-03-31":8.96,"2016-03-31":31.42,"2014-03-31":30.27,"2011-03-31":30.84,"2015-03-31":30.42,"2013-03-31":31.85,"2006-03-31":25.1,"2012-03-31":31.62,"2017-03-31":49.12,"2010-03-31":31.26,"2009-03-31":30.95,"2007-03-31":38.88}]],"cashflow":[["Cash from Operating Activity",{"2008-03-31":-1729.93,"2016-03-31":6783.05,"2014-03-31":8807.56,"2011-03-31":1001.43,"2015-03-31":17841.09,"2013-03-31":895.55,"2006-03-31":604.59,"2012-03-31":2226.26,"2017-03-31":9982.73,"2010-03-31":3281.4,"2009-03-31":5840.76,"2007-03-31":3787.51}],["Cash from Investing Activity",{"2008-03-31":-2859.18,"2016-03-31":-4354.32,"2014-03-31":-3779.41,"2011-03-31":-3381.8,"2015-03-31":-3291.33,"2013-03-31":-3370.57,"2006-03-31":-4675.42,"2012-03-31":-2863.56,"2017-03-31":-5309.84,"2010-03-31":-1154.22,"2009-03-31":-8596.12,"2007-03-31":-6804.2}],["Cash from Financing Activity",{"2008-03-31":4828.34,"2016-03-31":-3718.57,"2014-03-31":-5680.74,"2011-03-31":1674.41,"2015-03-31":-14568.26,"2013-03-31":1408.58,"2006-03-31":3755.54,"2012-03-31":1060.28,"2017-03-31":-4015.28,"2010-03-31":-2309.7,"2009-03-31":3274.65,"2007-03-31":2991.57}],["Net Cash Flow",{"2008-03-31":239.23,"2016-03-31":-1289.84,"2014-03-31":-652.59,"2011-03-31":-705.96,"2015-03-31":-18.5,"2013-03-31":-1066.44,"2006-03-31":-315.29,"2012-03-31":422.98,"2017-03-31":657.61,"2010-03-31":-182.52,"2009-03-31":519.29,"2007-03-31":-25.12}]],"quarters":[["Sales",{"2016-06-30":44849.49,"2016-12-31":48560.77,"2017-03-31":51524.8,"2017-06-30":53468.51,"2015-06-30":51468.91,"2015-03-31":44615.54,"2017-09-30":47522.58,"2015-12-31":43006.87,"2016-03-31":41118.83,"2017-12-31":57474.25,"2016-09-30":42112.18,"2015-09-30":42106.02}],["Expenses",{"2016-06-30":41228.38,"2016-12-31":45675.12,"2017-03-31":48638.8,"2017-06-30":51840.51,"2015-06-30":48369.7,"2015-03-31":41101.36,"2017-09-30":44616.99,"2015-12-31":40766.45,"2016-03-31":38452.48,"2017-12-31":54315.74,"2016-09-30":40830.57,"2015-09-30":42172.71}],["Operating Profit",{"2016-06-30":3621.11,"2016-12-31":2885.65,"2017-03-31":2886.0,"2017-06-30":1628.0,"2015-06-30":3099.21,"2015-03-31":3514.18,"2017-09-30":2905.59,"2015-12-31":2240.42,"2016-03-31":2666.35,"2017-12-31":3158.51,"2016-09-30":1281.61,"2015-09-30":-66.69}],["OPM",{"2016-06-30":8.07,"2016-12-31":5.94,"2017-03-31":5.6,"2017-06-30":3.04,"2015-06-30":6.02,"2015-03-31":7.88,"2017-09-30":6.11,"2015-12-31":5.21,"2016-03-31":6.48,"2017-12-31":5.5,"2016-09-30":3.04,"2015-09-30":-0.16}],["Other Income",{"2016-06-30":266.54,"2016-12-31":282.66,"2017-03-31":404.73,"2017-06-30":570.31,"2015-06-30":237.06,"2015-03-31":477.81,"2017-09-30":519.36,"2015-12-31":203.2,"2016-03-31":394.77,"2017-12-31":474.32,"2016-09-30":537.26,"2015-09-30":309.13}],["Depreciation",{"2016-06-30":610.84,"2016-12-31":633.56,"2017-03-31":674.93,"2017-06-30":667.05,"2015-06-30":751.31,"2015-03-31":554.93,"2017-09-30":680.41,"2015-12-31":695.95,"2016-03-31":667.04,"2017-12-31":679.92,"2016-09-30":615.95,"2015-09-30":538.91}],["Interest",{"2016-06-30":125.04,"2016-12-31":130.13,"2017-03-31":226.8,"2017-06-30":142.96,"2015-06-30":124.77,"2015-03-31":153.18,"2017-09-30":156.34,"2015-12-31":163.92,"2016-03-31":196.57,"2017-12-31":89.85,"2016-09-30":127.47,"2015-09-30":168.34}],["Profit before tax",{"2016-06-30":3151.77,"2016-12-31":2404.62,"2017-03-31":2389.0,"2017-06-30":1388.3,"2015-06-30":2460.19,"2015-03-31":3283.88,"2017-09-30":2588.2,"2015-12-31":1583.75,"2016-03-31":2197.51,"2017-12-31":2863.06,"2016-09-30":1075.45,"2015-09-30":-464.81}],["Tax",{"2016-06-30":1053.39,"2016-12-31":814.31,"2017-03-31":570.21,"2017-06-30":463.55,"2015-06-30":846.06,"2015-03-31":1121.49,"2017-09-30":853.46,"2015-12-31":542.5,"2016-03-31":809.6,"2017-12-31":913.37,"2016-09-30":374.13,"2015-09-30":-147.68}],["Net Profit",{"2016-06-30":2098.38,"2016-12-31":1590.31,"2017-03-31":1818.79,"2017-06-30":924.75,"2015-06-30":1614.13,"2015-03-31":2162.39,"2017-09-30":1734.74,"2015-12-31":1041.25,"2016-03-31":1387.91,"2017-12-31":1949.69,"2016-09-30":701.32,"2015-09-30":-317.13}]]},"bse_code":"500104","short_name":"H P C L","nse_code":"HINDPETRO","companyrating_set":[{"rating__rating":"CRISIL AAA(Stable)","instrument":"Cash Credit Limit","rating__source":"crisil","link":"http://www.crisil.com/ratings/company-wise-ratings.jsp?txtSearch=Hindustan Petroleum Corporation Ltd"},{"rating__rating":"CRISIL A1+","instrument":"Commercial Paper","rating__source":"crisil","link":"http://www.crisil.com/ratings/company-wise-ratings.jsp?txtSearch=Hindustan Petroleum Corporation Ltd"},{"rating__rating":"FAAA(Stable)","instrument":"Fixed Deposit","rating__source":"crisil","link":"http://www.crisil.com/ratings/company-wise-ratings.jsp?txtSearch=Hindustan Petroleum Corporation Ltd"},{"rating__rating":"CRISIL AAA(Stable)","instrument":"Fund based limits","rating__source":"crisil","link":"http://www.crisil.com/ratings/company-wise-ratings.jsp?txtSearch=Hindustan Petroleum Corporation Ltd"},{"rating__rating":"IND AAA(Stable)","instrument":"Long Term Rating","rating__source":"fitch","link":"http://www.indiaratings.co.in/search/search.jsp?q=Hindustan Petroleum Corporation Ltd"},{"rating__rating":"CRISIL AAA(Stable)","instrument":"Non Convertible Debenture","rating__source":"crisil","link":"http://www.crisil.com/ratings/company-wise-ratings.jsp?txtSearch=Hindustan Petroleum Corporation Ltd"},{"rating__rating":"CRISIL A1+","instrument":"Non-Fund Based Limit","rating__source":"crisil","link":"http://www.crisil.com/ratings/company-wise-ratings.jsp?txtSearch=Hindustan Petroleum Corporation Ltd"}],"annualreport_set":[{"source":"bse","report_date":2017,"link":"http://www.bseindia.com/bseplus/AnnualReport/500104/5001040317.pdf"},{"source":"bse","report_date":2016,"link":"http://www.bseindia.com/bseplus/AnnualReport/500104/5001040316.pdf"},{"source":"bse","report_date":2015,"link":"http://www.bseindia.com/bseplus/AnnualReport/500104/5001040315.pdf"},{"source":"bse","report_date":2014,"link":"http://www.bseindia.com/bseplus/AnnualReport/500104/5001040314.pdf"},{"source":"bse","report_date":2013,"link":"http://www.bseindia.com/bseplus/annualreport/500104/5001040313.pdf"},{"source":"bse","report_date":2012,"link":"http://www.bseindia.com/bseplus/annualreport/500104/5001040312.PDF"},{"source":"bse","report_date":2011,"link":"http://www.bseindia.com/bseplus/annualreport/500104/5001040311.pdf"},{"source":"nse","report_date":2011,"link":"http://nseindia.com/annual_reports/AR_HINDPETRO_2010_2011_20092011101515.zip"},{"source":"bse","report_date":2010,"link":"http://www.bseindia.com/bseplus/annualreport/500104/5001040310.pdf"},{"source":"nse","report_date":2010,"link":"http://nseindia.com/annual_reports/AR_HINDPETRO_2009_2010_13062011050505.zip"}],"announcement_set":[{"ann_date":"22 Mar 2018","announcement":"Announcement under Regulation 30 (LODR)-Analyst / Investor Meet - Intimation","link":"https://www.bseindia.com/corporates/anndet_new.aspx?newsid=6e9ec42f-ed4f-453e-82fe-e68dcfed6157"},{"ann_date":"14 Mar 2018","announcement":"Announcement under Regulation 30 (LODR)-Analyst / Investor Meet - Intimation","link":"https://www.bseindia.com/corporates/anndet_new.aspx?newsid=29c865be-209b-4d58-a4a9-16201664deb1"},{"ann_date":"09 Mar 2018","announcement":"Announcement under Regulation 30 (LODR)-Analyst / Investor Meet - Intimation","link":"https://www.bseindia.com/corporates/anndet_new.aspx?newsid=e9395ef5-6553-4c0b-a6e9-0bd8eb7ef39a"},{"ann_date":"15 Feb 2018","announcement":"Announcement under Regulation 30 (LODR)-Analyst / Investor Meet - Intimation","link":"https://www.bseindia.com/corporates/anndet_new.aspx?newsid=6ac56441-d2ef-43da-b8ec-89917dba1685"},{"ann_date":"10 Feb 2018","announcement":"Fixes Record Date for Interim Dividend","link":"https://www.bseindia.com/corporates/anndet_new.aspx?newsid=6bf5faaa-d108-4be7-8c28-6b03b888af78"}],"warehouse_set":{"high_price":492.8,"low_price":323.5,"sales_growth":18.88,"current_price":353.95,"dividend_yield":5.65,"face_value":10.0,"id":798,"sales_growth_3years":-5.74,"profit_growth_5years":44.51,"average_return_on_equity_3years":24.56,"book_value":163.78,"status":"Active","pair_url":"/company/HINDPETRO/consolidated","sales_growth_10years":7.64,"average_return_on_equity_10years":16.14,"profit_growth":11.25,"market_capitalization":53935.7,"profit_growth_10years":19.23,"price_to_earning":8.39,"industry":"Refineries/ Petro-Products","analysis":{"remarks":[],"bad":["The company has delivered a poor growth of 0.98% over past five years.","Company might be capitalizing the interest cost"],"good":["Stock is providing a good dividend yield of 5.65%.","Company has good consistent profit growth of 44.51% over 5 years","Company has been maintaining a healthy dividend payout of 39.88%"]},"result_type":"sa","profit_growth_3years":51.38,"sales_growth_5years":0.98,"return_on_equity":32.32,"average_return_on_equity_5years":19.38},"id":1348,"name":"Hindustan Petroleum Corporation Ltd"}
