{"prime":"sa","number_set":{"balancesheet":[["Share Capital",{"2016-03-31":216.0,"2017-03-31":216.0,"2007-12-31":217.75,"2006-12-31":220.68,"2014-03-31":216.27,"2011-03-31":215.95,"2015-03-31":216.35,"2013-03-31":216.25,"2012-03-31":216.15,"2010-03-31":218.17,"2009-03-31":217.99,"2005-12-31":220.12}],["Reserves",{"2016-03-31":6063.0,"2017-03-31":6274.0,"2007-12-31":1220.82,"2006-12-31":2502.14,"2014-03-31":3060.11,"2011-03-31":2442.9,"2015-03-31":3507.76,"2013-03-31":2457.1,"2012-03-31":3296.11,"2010-03-31":2364.68,"2009-03-31":1842.85,"2005-12-31":2084.83}],["Borrowings",{"2016-03-31":0.0,"2017-03-31":0.0,"2007-12-31":88.53,"2006-12-31":72.6,"2014-03-31":0.0,"2011-03-31":0.0,"2015-03-31":0.0,"2013-03-31":0.0,"2012-03-31":0.0,"2010-03-31":0.0,"2009-03-31":421.94,"2005-12-31":56.94}],["Other Liabilities",{"2016-03-31":7983.0,"2017-03-31":8673.0,"2007-12-31":5302.97,"2006-12-31":4684.6,"2014-03-31":9956.43,"2011-03-31":7693.15,"2015-03-31":10180.61,"2013-03-31":9049.54,"2012-03-31":7635.03,"2010-03-31":6936.19,"2009-03-31":5968.73,"2005-12-31":4247.53}],["Total Liabilities",{"2016-03-31":14262.0,"2017-03-31":15163.0,"2007-12-31":6830.07,"2006-12-31":7480.02,"2014-03-31":13232.81,"2011-03-31":10352.0,"2015-03-31":13904.72,"2013-03-31":11722.89,"2012-03-31":11147.29,"2010-03-31":9519.04,"2009-03-31":8451.51,"2005-12-31":6609.42}],["Fixed Assets",{"2016-03-31":2914.0,"2017-03-31":4024.0,"2007-12-31":1522.51,"2006-12-31":1400.75,"2014-03-31":2422.06,"2011-03-31":2169.1,"2015-03-31":2457.53,"2013-03-31":2292.9,"2012-03-31":2147.47,"2010-03-31":2162.11,"2009-03-31":1606.78,"2005-12-31":1385.5}],["CWIP",{"2016-03-31":386.0,"2017-03-31":203.0,"2007-12-31":185.63,"2006-12-31":110.26,"2014-03-31":319.78,"2011-03-31":288.76,"2015-03-31":479.01,"2013-03-31":215.64,"2012-03-31":215.45,"2010-03-31":273.96,"2009-03-31":472.06,"2005-12-31":98.03}],["Investments",{"2016-03-31":2780.0,"2017-03-31":3779.0,"2007-12-31":1440.81,"2006-12-31":2413.93,"2014-03-31":3094.12,"2011-03-31":1260.67,"2015-03-31":3277.93,"2013-03-31":2330.66,"2012-03-31":2438.21,"2010-03-31":1264.08,"2009-03-31":332.62,"2005-12-31":2014.2}],["Other Assets",{"2016-03-31":8182.0,"2017-03-31":7157.0,"2007-12-31":3681.12,"2006-12-31":3555.08,"2014-03-31":7396.85,"2011-03-31":6633.47,"2015-03-31":7690.25,"2013-03-31":6883.69,"2012-03-31":6346.16,"2010-03-31":5818.89,"2009-03-31":6040.05,"2005-12-31":3111.69}],["Total Assets",{"2016-03-31":14262.0,"2017-03-31":15163.0,"2007-12-31":6830.07,"2006-12-31":7480.02,"2014-03-31":13232.81,"2011-03-31":10352.0,"2015-03-31":13904.72,"2013-03-31":11722.89,"2012-03-31":11147.29,"2010-03-31":9519.04,"2009-03-31":8451.51,"2005-12-31":6609.42}]],"annual":[["Sales",{"2016-03-31":31061.0,"2017-03-31":31890.0,"2007-12-31":13675.43,"2006-12-31":12103.39,"2014-03-31":28019.13,"2011-03-31":19735.51,"2015-03-31":30805.62,"2013-03-31":25810.21,"2012-03-31":22116.37,"2010-03-31":17523.8,"2009-03-31":20239.33,"2005-12-31":11060.55}],["Expenses",{"2016-03-31":23082.0,"2017-03-31":23536.0,"2007-12-31":null,"2006-12-31":null,"2014-03-31":23554.25,"2011-03-31":17071.01,"2015-03-31":25611.19,"2013-03-31":21846.15,"2012-03-31":18859.55,"2010-03-31":15179.7,"2009-03-31":17831.13,"2005-12-31":null}],["Operating Profit",{"2016-03-31":7979.0,"2017-03-31":8354.0,"2007-12-31":null,"2006-12-31":null,"2014-03-31":4464.88,"2011-03-31":2664.5,"2015-03-31":5194.43,"2013-03-31":3964.06,"2012-03-31":3256.82,"2010-03-31":2344.1,"2009-03-31":2408.2,"2005-12-31":null}],["OPM",{"2016-03-31":25.69,"2017-03-31":26.2,"2007-12-31":null,"2006-12-31":null,"2014-03-31":15.94,"2011-03-31":13.5,"2015-03-31":16.86,"2013-03-31":15.36,"2012-03-31":14.73,"2010-03-31":13.38,"2009-03-31":11.9,"2005-12-31":null}],["Other Income",{"2016-03-31":674.0,"2017-03-31":824.0,"2007-12-31":684.68,"2006-12-31":898.66,"2014-03-31":860.09,"2011-03-31":493.6,"2015-03-31":1296.5,"2013-03-31":1254.99,"2012-03-31":431.7,"2010-03-31":666.42,"2009-03-31":812.94,"2005-12-31":484.03}],["Interest",{"2016-03-31":15.0,"2017-03-31":22.0,"2007-12-31":25.5,"2006-12-31":10.73,"2014-03-31":36.03,"2011-03-31":0.24,"2015-03-31":16.82,"2013-03-31":25.15,"2012-03-31":1.24,"2010-03-31":6.98,"2009-03-31":25.32,"2005-12-31":19.2}],["Depreciation",{"2016-03-31":321.0,"2017-03-31":396.0,"2007-12-31":138.36,"2006-12-31":130.16,"2014-03-31":260.55,"2011-03-31":220.83,"2015-03-31":286.69,"2013-03-31":236.02,"2012-03-31":218.25,"2010-03-31":184.03,"2009-03-31":195.3,"2005-12-31":124.45}],["Profit before tax",{"2016-03-31":5946.0,"2017-03-31":6396.0,"2007-12-31":2327.8,"2006-12-31":2187.51,"2014-03-31":5028.39,"2011-03-31":2937.03,"2015-03-31":6187.42,"2013-03-31":4957.88,"2012-03-31":3469.03,"2010-03-31":2819.51,"2009-03-31":3000.52,"2005-12-31":1623.73}],["Tax",{"2016-03-31":1809.0,"2017-03-31":1906.0,"2007-12-31":402.33,"2006-12-31":332.14,"2014-03-31":1160.9,"2011-03-31":631.04,"2015-03-31":1872.16,"2013-03-31":1161.21,"2012-03-31":777.63,"2010-03-31":617.48,"2009-03-31":504.07,"2005-12-31":215.63}],["Net Profit",{"2016-03-31":4137.0,"2017-03-31":4490.0,"2007-12-31":1925.47,"2006-12-31":1855.37,"2014-03-31":3867.49,"2011-03-31":2305.99,"2015-03-31":4315.26,"2013-03-31":3796.67,"2012-03-31":2691.4,"2010-03-31":2202.03,"2009-03-31":2496.45,"2005-12-31":1408.1}],["EPS (unadj)",{"2016-03-31":15.94,"2017-03-31":17.58,"2007-12-31":7.21,"2006-12-31":7.57,"2014-03-31":15.75,"2011-03-31":9.61,"2015-03-31":17.01,"2013-03-31":14.52,"2012-03-31":11.23,"2010-03-31":9.0,"2009-03-31":8.14,"2005-12-31":5.67}],["Dividend Payout",{"2016-03-31":83.69,"2017-03-31":81.95,"2007-12-31":101.78,"2006-12-31":71.36,"2014-03-31":72.7,"2011-03-31":60.87,"2015-03-31":75.2,"2013-03-31":105.37,"2012-03-31":60.23,"2010-03-31":64.4,"2009-03-31":65.49,"2005-12-31":78.16}]],"cashflow":[["Cash from Operating Activity",{"2016-03-31":3974.0,"2017-03-31":4953.0,"2007-12-31":1680.11,"2006-12-31":1594.82,"2014-03-31":3724.15,"2011-03-31":1891.78,"2015-03-31":3271.9,"2013-03-31":3529.58,"2012-03-31":2872.41,"2010-03-31":3441.02,"2009-03-31":2028.66,"2005-12-31":1967.45}],["Cash from Investing Activity",{"2016-03-31":-51.0,"2017-03-31":-752.0,"2007-12-31":1025.15,"2006-12-31":-197.94,"2014-03-31":-513.16,"2011-03-31":-294.02,"2015-03-31":279.9,"2013-03-31":34.33,"2012-03-31":-452.45,"2010-03-31":-1145.84,"2009-03-31":878.19,"2005-12-31":437.79}],["Cash from Financing Activity",{"2016-03-31":-4008.0,"2017-03-31":-4264.0,"2007-12-31":-2921.34,"2006-12-31":-1344.73,"2014-03-31":-2916.79,"2011-03-31":-2276.08,"2015-03-31":-3450.44,"2013-03-31":-4160.44,"2012-03-31":-1725.17,"2010-03-31":-2180.32,"2009-03-31":-1330.36,"2005-12-31":-2748.26}],["Net Cash Flow",{"2016-03-31":-85.0,"2017-03-31":-63.0,"2007-12-31":-216.08,"2006-12-31":52.15,"2014-03-31":294.2,"2011-03-31":-678.32,"2015-03-31":101.36,"2013-03-31":-596.53,"2012-03-31":694.79,"2010-03-31":114.86,"2009-03-31":1576.49,"2005-12-31":-343.02}]],"quarters":[["Sales",{"2016-06-30":8127.0,"2016-12-31":7705.0,"2017-03-31":8213.0,"2017-06-30":8529.0,"2015-06-30":7844.47,"2015-03-31":7675.63,"2017-09-30":8309.0,"2015-12-31":7763.95,"2016-03-31":7721.0,"2017-12-31":8590.0,"2016-09-30":7842.0,"2015-09-30":7731.39}],["Expenses",{"2016-06-30":6536.0,"2016-12-31":6356.0,"2017-03-31":6567.0,"2017-06-30":6680.0,"2015-06-30":6333.47,"2015-03-31":6359.47,"2017-09-30":6637.0,"2015-12-31":6450.29,"2016-03-31":6251.0,"2017-12-31":6937.0,"2016-09-30":6439.0,"2015-09-30":6416.51}],["Operating Profit",{"2016-06-30":1591.0,"2016-12-31":1349.0,"2017-03-31":1646.0,"2017-06-30":1849.0,"2015-06-30":1511.0,"2015-03-31":1316.16,"2017-09-30":1672.0,"2015-12-31":1313.66,"2016-03-31":1470.0,"2017-12-31":1653.0,"2016-09-30":1403.0,"2015-09-30":1314.88}],["OPM",{"2016-06-30":19.58,"2016-12-31":17.51,"2017-03-31":20.04,"2017-06-30":21.68,"2015-06-30":19.26,"2015-03-31":17.15,"2017-09-30":20.12,"2015-12-31":16.92,"2016-03-31":19.04,"2017-12-31":19.24,"2016-09-30":17.89,"2015-09-30":17.01}],["Other Income",{"2016-06-30":223.0,"2016-12-31":242.0,"2017-03-31":87.0,"2017-06-30":117.0,"2015-06-30":133.73,"2015-03-31":279.83,"2017-09-30":250.0,"2015-12-31":181.98,"2016-03-31":154.0,"2017-12-31":158.0,"2016-09-30":273.0,"2015-09-30":203.98}],["Depreciation",{"2016-06-30":93.0,"2016-12-31":100.0,"2017-03-31":108.0,"2017-06-30":114.0,"2015-06-30":74.93,"2015-03-31":70.52,"2017-09-30":115.0,"2015-12-31":82.16,"2016-03-31":88.0,"2017-12-31":121.0,"2016-09-30":95.0,"2015-09-30":76.14}],["Interest",{"2016-06-30":6.0,"2016-12-31":5.0,"2017-03-31":6.0,"2017-06-30":6.0,"2015-06-30":4.67,"2015-03-31":0.0,"2017-09-30":6.0,"2015-12-31":4.49,"2016-03-31":2.0,"2017-12-31":5.0,"2016-09-30":5.0,"2015-09-30":4.53}],["Profit before tax",{"2016-06-30":1715.0,"2016-12-31":1486.0,"2017-03-31":1619.0,"2017-06-30":1846.0,"2015-06-30":1565.13,"2015-03-31":1525.47,"2017-09-30":1801.0,"2015-12-31":1408.99,"2016-03-31":1534.0,"2017-12-31":1685.0,"2016-09-30":1576.0,"2015-09-30":1438.19}],["Tax",{"2016-06-30":541.0,"2016-12-31":448.0,"2017-03-31":436.0,"2017-06-30":563.0,"2015-06-30":495.97,"2015-03-31":507.39,"2017-09-30":525.0,"2015-12-31":437.33,"2016-03-31":420.0,"2017-12-31":359.0,"2016-09-30":480.0,"2015-09-30":456.02}],["Net Profit",{"2016-06-30":1174.0,"2016-12-31":1038.0,"2017-03-31":1183.0,"2017-06-30":1283.0,"2015-06-30":1069.16,"2015-03-31":1018.08,"2017-09-30":1276.0,"2015-12-31":971.66,"2016-03-31":1114.0,"2017-12-31":1326.0,"2016-09-30":1096.0,"2015-09-30":982.17}]]},"bse_code":"500696","short_name":"Hind. Unilever","nse_code":"HINDUNILVR","companyrating_set":[{"rating__rating":"CRISIL AAA(Stable)","instrument":"Proposed Fund-Based Bank Limits","rating__source":"crisil","link":"http://www.crisil.com/ratings/company-wise-ratings.jsp?txtSearch=Hindustan Unilever Ltd"},{"rating__rating":"CRISIL AAA(Stable)","instrument":"Working Capital Demand Loan","rating__source":"crisil","link":"http://www.crisil.com/ratings/company-wise-ratings.jsp?txtSearch=Hindustan Unilever Ltd"}],"annualreport_set":[{"source":"bse","report_date":2017,"link":"http://www.bseindia.com/bseplus/AnnualReport/500696/5006960317.pdf"},{"source":"bse","report_date":2016,"link":"http://www.bseindia.com/bseplus/AnnualReport/500696/5006960316.pdf"},{"source":"bse","report_date":2015,"link":"http://www.bseindia.com/bseplus/AnnualReport/500696/5006960315.pdf"},{"source":"bse","report_date":2014,"link":"http://www.bseindia.com/bseplus/AnnualReport/500696/5006960314.pdf"},{"source":"bse","report_date":2013,"link":"http://www.bseindia.com/bseplus/annualreport/500696/5006960313.pdf"},{"source":"bse","report_date":2012,"link":"http://www.bseindia.com/bseplus/annualreport/500696/5006960312.PDF"},{"source":"bse","report_date":2011,"link":"http://www.bseindia.com/bseplus/annualreport/500696/5006960311.pdf"},{"source":"nse","report_date":2011,"link":"http://nseindia.com/annual_reports/AR_HINDUNILVR_2010_2011_21072011092020.zip"},{"source":"bse","report_date":2010,"link":"http://www.bseindia.com/bseplus/annualreport/500696/500696_2009-10.pdf"},{"source":"nse","report_date":2010,"link":"http://nseindia.com/annual_reports/AR_HINDUNILVR_2009_2010_18082010121500.zip"}],"announcement_set":[{"ann_date":"20 Mar 2018","announcement":"Announcement under Regulation 30 (LODR)-Allotment of ESOP / ESPS","link":"https://www.bseindia.com/corporates/anndet_new.aspx?newsid=800a6747-98a2-4d7e-9ad3-85f573942772"},{"ann_date":"27 Feb 2018","announcement":"Announcement under Regulation 30 (LODR)-Allotment of ESOP / ESPS","link":"https://www.bseindia.com/corporates/anndet_new.aspx?newsid=67a07e04-b776-47d0-87fc-6b298fd14c3f"},{"ann_date":"26 Feb 2018","announcement":"Announcement under Regulation 30 (LODR)-Investor Presentation","link":"https://www.bseindia.com/corporates/anndet_new.aspx?newsid=12b024f2-790e-413a-b187-e12392284281"},{"ann_date":"08 Feb 2018","announcement":"Investor Presentation","link":"http://www.bseindia.com/corporates/anndet_new.aspx?newsid=dec5a22c-421f-44a7-b81b-7b4eab9758c4"},{"ann_date":"07 Feb 2018","announcement":"Investor Presentation","link":"http://www.bseindia.com/corporates/anndet_new.aspx?newsid=e9c3045d-4361-4450-9265-ec01a3de601b"}],"warehouse_set":{"high_price":1410.0,"low_price":898.55,"sales_growth":7.15,"current_price":1374.8,"dividend_yield":1.24,"face_value":1.0,"id":896,"sales_growth_3years":4.41,"profit_growth_5years":11.37,"average_return_on_equity_3years":81.79,"book_value":47.93,"status":"Active","pair_url":"/company/HINDUNILVR/consolidated","sales_growth_10years":9.86,"average_return_on_equity_10years":91.15,"profit_growth":14.61,"market_capitalization":297579.42,"profit_growth_10years":10.78,"price_to_earning":58.71,"industry":"Personal Products","analysis":{"remarks":["Return on equity is exceptional"],"bad":["Stock is trading at 28.68 times its book value","The company has delivered a poor growth of 7.59% over past five years."],"good":["Company is virtually debt free.","Company has a good return on equity (ROE) track record: 3 Years ROE 81.79%"," ","Company has been maintaining a healthy dividend payout of 80.26%"]},"result_type":"sa","profit_growth_3years":7.11,"sales_growth_5years":7.59,"return_on_equity":67.68,"average_return_on_equity_5years":89.65},"id":1350,"name":"Hindustan Unilever Ltd"}
