{"prime":"sa","number_set":{"balancesheet":[["Share Capital",{"2008-03-31":2001.9,"2016-03-31":2001.9,"2014-03-31":2001.9,"2011-03-31":2001.9,"2015-03-31":2001.9,"2013-03-31":2001.9,"2006-03-31":2001.9,"2012-03-31":2001.9,"2017-03-31":2001.9,"2010-03-31":2001.9,"2009-03-31":2001.9,"2007-03-31":2001.9}],["Reserves",{"2008-03-31":2188.79,"2016-03-31":6443.91,"2014-03-31":5130.04,"2011-03-31":3519.07,"2015-03-31":5778.57,"2013-03-31":4513.04,"2006-03-31":1625.63,"2012-03-31":3988.84,"2017-03-31":7165.35,"2010-03-31":3095.19,"2009-03-31":2665.96,"2007-03-31":1911.59}],["Borrowings",{"2008-03-31":18902.98,"2016-03-31":25435.46,"2014-03-31":20344.04,"2011-03-31":15778.67,"2015-03-31":20652.28,"2013-03-31":16788.06,"2006-03-31":21461.41,"2012-03-31":18822.47,"2017-03-31":28182.43,"2010-03-31":15520.48,"2009-03-31":19249.33,"2007-03-31":20382.61}],["Other Liabilities",{"2008-03-31":2091.57,"2016-03-31":2700.39,"2014-03-31":3296.03,"2011-03-31":1894.4,"2015-03-31":5342.88,"2013-03-31":4186.97,"2006-03-31":1687.78,"2012-03-31":3157.81,"2017-03-31":2775.79,"2010-03-31":1762.8,"2009-03-31":1722.6,"2007-03-31":1983.15}],["Total Liabilities",{"2008-03-31":25185.24,"2016-03-31":36581.66,"2014-03-31":30772.01,"2011-03-31":23194.04,"2015-03-31":33775.63,"2013-03-31":27489.97,"2006-03-31":26776.72,"2012-03-31":27971.02,"2017-03-31":40125.47,"2010-03-31":22380.37,"2009-03-31":25639.79,"2007-03-31":26279.25}],["Fixed Assets",{"2008-03-31":67.66,"2016-03-31":72.62,"2014-03-31":68.19,"2011-03-31":74.21,"2015-03-31":74.59,"2013-03-31":71.06,"2006-03-31":61.03,"2012-03-31":71.34,"2017-03-31":72.09,"2010-03-31":68.88,"2009-03-31":71.97,"2007-03-31":70.04}],["CWIP",{"2008-03-31":8.72,"2016-03-31":28.27,"2014-03-31":26.68,"2011-03-31":11.81,"2015-03-31":24.94,"2013-03-31":17.65,"2006-03-31":1.01,"2012-03-31":13.87,"2017-03-31":31.82,"2010-03-31":9.59,"2009-03-31":9.07,"2007-03-31":6.94}],["Investments",{"2008-03-31":2062.56,"2016-03-31":368.53,"2014-03-31":753.88,"2011-03-31":1298.98,"2015-03-31":755.68,"2013-03-31":683.98,"2006-03-31":2485.73,"2012-03-31":1223.98,"2017-03-31":368.53,"2010-03-31":1523.98,"2009-03-31":2043.19,"2007-03-31":2450.5}],["Other Assets",{"2008-03-31":23046.3,"2016-03-31":36112.24,"2014-03-31":29923.26,"2011-03-31":21809.04,"2015-03-31":32920.42,"2013-03-31":26717.28,"2006-03-31":24228.95,"2012-03-31":26661.83,"2017-03-31":39653.03,"2010-03-31":20777.92,"2009-03-31":23515.56,"2007-03-31":23751.77}],["Total Assets",{"2008-03-31":25185.24,"2016-03-31":36581.66,"2014-03-31":30772.01,"2011-03-31":23194.04,"2015-03-31":33775.63,"2013-03-31":27489.97,"2006-03-31":26776.72,"2012-03-31":27971.02,"2017-03-31":40125.47,"2010-03-31":22380.37,"2009-03-31":25639.79,"2007-03-31":26279.25}]],"annual":[["Sales",{"2008-03-31":2605.62,"2016-03-31":3269.91,"2014-03-31":2977.6,"2011-03-31":2264.78,"2015-03-31":3383.45,"2013-03-31":2885.53,"2006-03-31":2297.31,"2012-03-31":2759.8,"2017-03-31":3536.04,"2010-03-31":2425.16,"2009-03-31":2698.69,"2007-03-31":2608.22}],["Expenses",{"2008-03-31":368.25,"2016-03-31":318.45,"2014-03-31":192.2,"2011-03-31":174.19,"2015-03-31":477.2,"2013-03-31":308.7,"2006-03-31":250.62,"2012-03-31":205.26,"2017-03-31":468.37,"2010-03-31":326.4,"2009-03-31":100.19,"2007-03-31":346.61}],["Operating Profit",{"2008-03-31":2237.37,"2016-03-31":2951.46,"2014-03-31":2785.4,"2011-03-31":2090.59,"2015-03-31":2906.25,"2013-03-31":2576.83,"2006-03-31":2046.69,"2012-03-31":2554.54,"2017-03-31":3067.67,"2010-03-31":2098.76,"2009-03-31":2598.5,"2007-03-31":2261.61}],["OPM",{"2008-03-31":85.87,"2016-03-31":90.26,"2014-03-31":93.55,"2011-03-31":92.31,"2015-03-31":85.9,"2013-03-31":89.3,"2006-03-31":89.09,"2012-03-31":92.56,"2017-03-31":86.75,"2010-03-31":86.54,"2009-03-31":96.29,"2007-03-31":86.71}],["Other Income",{"2008-03-31":51.64,"2016-03-31":37.52,"2014-03-31":25.28,"2011-03-31":15.21,"2015-03-31":44.4,"2013-03-31":55.68,"2006-03-31":11.52,"2012-03-31":18.84,"2017-03-31":98.33,"2010-03-31":104.05,"2009-03-31":86.09,"2007-03-31":2.19}],["Interest",{"2008-03-31":1725.61,"2016-03-31":1907.37,"2014-03-31":1701.65,"2011-03-31":1273.27,"2015-03-31":1775.38,"2013-03-31":1567.03,"2006-03-31":1671.51,"2012-03-31":1629.08,"2017-03-31":1986.32,"2010-03-31":1412.47,"2009-03-31":1902.45,"2007-03-31":1793.78}],["Depreciation",{"2008-03-31":5.29,"2016-03-31":4.51,"2014-03-31":4.22,"2011-03-31":11.42,"2015-03-31":5.38,"2013-03-31":4.92,"2006-03-31":4.59,"2012-03-31":4.57,"2017-03-31":4.68,"2010-03-31":4.52,"2009-03-31":4.67,"2007-03-31":4.74}],["Profit before tax",{"2008-03-31":558.11,"2016-03-31":1077.1,"2014-03-31":1104.81,"2011-03-31":821.11,"2015-03-31":1169.89,"2013-03-31":1060.56,"2006-03-31":382.11,"2012-03-31":939.73,"2017-03-31":1175.0,"2010-03-31":785.82,"2009-03-31":777.47,"2007-03-31":465.28}],["Tax",{"2008-03-31":184.38,"2016-03-31":293.31,"2014-03-31":370.84,"2011-03-31":271.08,"2015-03-31":401.57,"2013-03-31":360.87,"2006-03-31":121.87,"2012-03-31":318.16,"2017-03-31":333.19,"2010-03-31":290.51,"2009-03-31":376.48,"2007-03-31":156.9}],["Net Profit",{"2008-03-31":373.73,"2016-03-31":783.79,"2014-03-31":733.97,"2011-03-31":550.03,"2015-03-31":768.32,"2013-03-31":699.69,"2006-03-31":260.24,"2012-03-31":621.57,"2017-03-31":841.81,"2010-03-31":495.31,"2009-03-31":400.99,"2007-03-31":308.38}],["EPS (unadj)",{"2008-03-31":180.91,"2016-03-31":3.81,"2014-03-31":358.14,"2011-03-31":265.84,"2015-03-31":3.74,"2013-03-31":336.78,"2006-03-31":127.22,"2012-03-31":299.15,"2017-03-31":4.1,"2010-03-31":242.52,"2009-03-31":196.46,"2007-03-31":152.29}],["Dividend Payout",{"2008-03-31":18.21,"2016-03-31":12.77,"2014-03-31":136.37,"2011-03-31":20.02,"2015-03-31":13.03,"2013-03-31":21.46,"2006-03-31":15.23,"2012-03-31":22.55,"2017-03-31":13.08,"2010-03-31":11.92,"2009-03-31":11.28,"2007-03-31":6.69}]],"cashflow":[["Cash from Operating Activity",{"2008-03-31":244.04,"2016-03-31":-4967.83,"2014-03-31":-3663.16,"2011-03-31":-414.26,"2015-03-31":-182.31,"2013-03-31":1988.07,"2006-03-31":-271.63,"2012-03-31":-896.21,"2017-03-31":-2594.88,"2010-03-31":2924.59,"2009-03-31":238.81,"2007-03-31":719.11}],["Cash from Investing Activity",{"2008-03-31":383.26,"2016-03-31":381.43,"2014-03-31":-80.25,"2011-03-31":206.04,"2015-03-31":-12.61,"2013-03-31":531.6,"2006-03-31":15.04,"2012-03-31":71.2,"2017-03-31":-7.52,"2010-03-31":517.48,"2009-03-31":10.11,"2007-03-31":13.23}],["Cash from Financing Activity",{"2008-03-31":-1465.22,"2016-03-31":4645.94,"2014-03-31":3375.3,"2011-03-31":179.69,"2015-03-31":204.36,"2013-03-31":-2181.93,"2006-03-31":142.57,"2012-03-31":2875.65,"2017-03-31":2509.33,"2010-03-31":-3706.62,"2009-03-31":20.36,"2007-03-31":-1071.08}],["Net Cash Flow",{"2008-03-31":-837.92,"2016-03-31":59.54,"2014-03-31":-368.11,"2011-03-31":-28.53,"2015-03-31":9.44,"2013-03-31":337.74,"2006-03-31":-114.02,"2012-03-31":2050.64,"2017-03-31":-93.07,"2010-03-31":-264.55,"2009-03-31":269.28,"2007-03-31":-338.74}]],"quarters":[["Sales",{"2016-06-30":874.37,"2016-12-31":912.88,"2014-12-31":831.44,"2017-03-31":879.98,"2014-09-30":777.54,"2017-06-30":899.09,"2015-03-31":979.24,"2017-09-30":942.18,"2015-12-31":713.46,"2016-03-31":968.48,"2017-12-31":1064.49,"2016-09-30":825.77}],["Expenses",{"2016-06-30":166.54,"2016-12-31":217.69,"2014-12-31":179.86,"2017-03-31":42.64,"2014-09-30":64.38,"2017-06-30":186.64,"2015-03-31":0.72,"2017-09-30":130.63,"2015-12-31":64.54,"2016-03-31":51.88,"2017-12-31":289.83,"2016-09-30":41.21}],["Operating Profit",{"2016-06-30":707.83,"2016-12-31":695.19,"2014-12-31":651.58,"2017-03-31":837.34,"2014-09-30":713.16,"2017-06-30":712.45,"2015-03-31":978.52,"2017-09-30":811.55,"2015-12-31":648.92,"2016-03-31":916.6,"2017-12-31":774.66,"2016-09-30":784.56}],["OPM",{"2016-06-30":80.95,"2016-12-31":76.15,"2014-12-31":78.37,"2017-03-31":95.15,"2014-09-30":91.72,"2017-06-30":79.24,"2015-03-31":99.93,"2017-09-30":86.14,"2015-12-31":90.95,"2016-03-31":94.64,"2017-12-31":72.77,"2016-09-30":95.01}],["Other Income",{"2016-06-30":16.74,"2016-12-31":64.77,"2014-12-31":1.84,"2017-03-31":27.5,"2014-09-30":36.74,"2017-06-30":29.99,"2015-03-31":-48.01,"2017-09-30":23.57,"2015-12-31":-61.85,"2016-03-31":91.84,"2017-12-31":27.39,"2016-09-30":32.07}],["Depreciation",{"2016-06-30":1.2,"2016-12-31":1.15,"2014-12-31":1.35,"2017-03-31":1.45,"2014-09-30":1.5,"2017-06-30":1.2,"2015-03-31":1.53,"2017-09-30":1.29,"2015-12-31":0.0,"2016-03-31":0.0,"2017-12-31":1.56,"2016-09-30":0.88}],["Interest",{"2016-06-30":518.94,"2016-12-31":489.51,"2014-12-31":441.86,"2017-03-31":477.74,"2014-09-30":447.23,"2017-06-30":529.27,"2015-03-31":434.12,"2017-09-30":533.28,"2015-12-31":462.69,"2016-03-31":504.49,"2017-12-31":562.47,"2016-09-30":500.13}],["Profit before tax",{"2016-06-30":204.43,"2016-12-31":269.3,"2014-12-31":210.21,"2017-03-31":385.65,"2014-09-30":301.17,"2017-06-30":211.97,"2015-03-31":494.86,"2017-09-30":300.55,"2015-12-31":124.38,"2016-03-31":503.95,"2017-12-31":238.02,"2016-09-30":315.62}],["Tax",{"2016-06-30":65.69,"2016-12-31":87.12,"2014-12-31":68.84,"2017-03-31":70.29,"2014-09-30":102.19,"2017-06-30":1.12,"2015-03-31":178.36,"2017-09-30":98.45,"2015-12-31":40.35,"2016-03-31":105.74,"2017-12-31":74.43,"2016-09-30":110.09}],["Net Profit",{"2016-06-30":138.74,"2016-12-31":182.18,"2014-12-31":141.37,"2017-03-31":315.36,"2014-09-30":198.98,"2017-06-30":210.85,"2015-03-31":316.5,"2017-09-30":202.1,"2015-12-31":84.03,"2016-03-31":398.21,"2017-12-31":163.59,"2016-09-30":205.53}]]},"bse_code":"540530","short_name":"H U D C O","nse_code":"HUDCO","companyrating_set":[],"annualreport_set":[{"source":"bse","report_date":2017,"link":"http://www.bseindia.com/bseplus/AnnualReport/540530/5405300317.pdf"}],"announcement_set":[{"ann_date":"04 Apr 2018","announcement":"Announcement Under Regulation 30 (LODR)- Updates","link":"https://www.bseindia.com/corporates/anndet_new.aspx?newsid=615645b7-c605-4099-95bf-656437bc1546"},{"ann_date":"28 Mar 2018","announcement":"Announcement Under Regulation 30- Updates","link":"https://www.bseindia.com/corporates/anndet_new.aspx?newsid=b6ca0a05-4def-4d9b-aa5a-d260485bbd1b"},{"ann_date":"23 Mar 2018","announcement":"Sub-Committee Meeting on March 27, 2018","link":"https://www.bseindia.com/corporates/anndet_new.aspx?newsid=c4bf2030-85f3-42f8-977a-c12ec478e08e"},{"ann_date":"19 Mar 2018","announcement":"Announcement Under SEBI(LODR)- Updates","link":"https://www.bseindia.com/corporates/anndet_new.aspx?newsid=19aa1a06-afb3-4f95-81e7-660921ec1112"},{"ann_date":"14 Mar 2018","announcement":"Sub-Committee Meeting on March 19, 2018","link":"https://www.bseindia.com/corporates/anndet_new.aspx?newsid=db4272f9-b801-426f-902a-a56b54439455"}],"warehouse_set":{"high_price":102.3,"low_price":64.5,"sales_growth":5.7,"current_price":70.4,"dividend_yield":0.78,"face_value":10.0,"id":14786910,"sales_growth_3years":5.89,"profit_growth_5years":5.41,"average_return_on_equity_3years":9.67,"book_value":48.67,"status":"Active","pair_url":"/company/HUDCO/consolidated","sales_growth_10years":3.45,"average_return_on_equity_10years":9.92,"profit_growth":-3.54,"market_capitalization":14093.38,"profit_growth_10years":8.96,"price_to_earning":15.8,"industry":"Housing Finance ","analysis":{"remarks":[],"bad":["Company has low interest coverage ratio.","The company has delivered a poor growth of 5.08% over past five years.","Company has a low return on equity of 9.67% for last 3 years.","Company might be capitalizing the interest cost","Dividend payout has been low at 12.96% of profits over last 3 years"],"good":["Promoter's stake has increased"]},"result_type":"sa","profit_growth_3years":3.29,"sales_growth_5years":5.08,"return_on_equity":9.18,"average_return_on_equity_5years":10.09},"id":1274074,"name":"Housing & Urban Development Corporation Ltd"}
