{"prime":"sa","number_set":{"balancesheet":[["Share Capital",{"2017-03-31":84.77,"2016-03-31":84.26,"2014-03-31":66.81,"2011-03-31":155.69,"2015-03-31":71.11,"2013-03-31":62.5,"2012-03-31":155.69,"2010-03-31":135.0,"2009-03-31":135.0}],["Reserves",{"2017-03-31":11784.14,"2016-03-31":10419.57,"2014-03-31":5400.37,"2011-03-31":577.81,"2015-03-31":6421.1,"2013-03-31":4763.72,"2012-03-31":799.39,"2010-03-31":219.68,"2009-03-31":201.27}],["Borrowings",{"2017-03-31":82512.03,"2016-03-31":59963.09,"2014-03-31":34489.52,"2011-03-31":2408.12,"2015-03-31":45556.33,"2013-03-31":31085.78,"2012-03-31":6053.33,"2010-03-31":963.66,"2009-03-31":570.03}],["Other Liabilities",{"2017-03-31":6345.87,"2016-03-31":4236.36,"2014-03-31":3191.21,"2011-03-31":488.55,"2015-03-31":3326.14,"2013-03-31":2636.56,"2012-03-31":427.92,"2010-03-31":122.13,"2009-03-31":83.01}],["Total Liabilities",{"2017-03-31":100726.81,"2016-03-31":74703.28,"2014-03-31":43147.91,"2011-03-31":3630.17,"2015-03-31":55374.68,"2013-03-31":38548.56,"2012-03-31":7436.33,"2010-03-31":1440.47,"2009-03-31":989.31}],["Fixed Assets",{"2017-03-31":83.83,"2016-03-31":65.25,"2014-03-31":46.03,"2011-03-31":5.81,"2015-03-31":51.6,"2013-03-31":44.93,"2012-03-31":5.98,"2010-03-31":3.88,"2009-03-31":3.8}],["CWIP",{"2017-03-31":0.0,"2016-03-31":0.0,"2014-03-31":0.0,"2011-03-31":0.0,"2015-03-31":0.0,"2013-03-31":0.0,"2012-03-31":0.0,"2010-03-31":0.05,"2009-03-31":0.12}],["Investments",{"2017-03-31":14165.09,"2016-03-31":11247.96,"2014-03-31":3491.45,"2011-03-31":131.46,"2015-03-31":6731.33,"2013-03-31":2493.54,"2012-03-31":43.0,"2010-03-31":373.05,"2009-03-31":58.01}],["Other Assets",{"2017-03-31":86477.89,"2016-03-31":63390.07,"2014-03-31":39610.43,"2011-03-31":3492.9,"2015-03-31":48591.75,"2013-03-31":36010.09,"2012-03-31":7387.35,"2010-03-31":1063.49,"2009-03-31":927.38}],["Total Assets",{"2017-03-31":100726.81,"2016-03-31":74703.28,"2014-03-31":43147.91,"2011-03-31":3630.17,"2015-03-31":55374.68,"2013-03-31":38548.56,"2012-03-31":7436.33,"2010-03-31":1440.47,"2009-03-31":989.31}]],"annual":[["Sales",{"2017-03-31":11252.16,"2016-03-31":8838.7,"2014-03-31":5684.64,"2011-03-31":0.0,"2015-03-31":7130.83,"2013-03-31":4658.06,"2012-03-31":785.51,"2010-03-31":179.13,"2009-03-31":182.92}],["Expenses",{"2017-03-31":1300.92,"2016-03-31":926.91,"2014-03-31":558.23,"2011-03-31":-238.88,"2015-03-31":744.67,"2013-03-31":489.29,"2012-03-31":61.94,"2010-03-31":71.93,"2009-03-31":80.91}],["Operating Profit",{"2017-03-31":9951.24,"2016-03-31":7911.79,"2014-03-31":5126.41,"2011-03-31":238.88,"2015-03-31":6386.16,"2013-03-31":4168.77,"2012-03-31":723.57,"2010-03-31":107.2,"2009-03-31":102.01}],["OPM",{"2017-03-31":88.44,"2016-03-31":89.51,"2014-03-31":90.18,"2011-03-31":"--","2015-03-31":89.56,"2013-03-31":89.5,"2012-03-31":92.11,"2010-03-31":59.84,"2009-03-31":55.77}],["Other Income",{"2017-03-31":65.01,"2016-03-31":3.22,"2014-03-31":14.29,"2011-03-31":7.15,"2015-03-31":8.51,"2013-03-31":48.14,"2012-03-31":3.44,"2010-03-31":0.01,"2009-03-31":0.01}],["Interest",{"2017-03-31":6314.75,"2016-03-31":4842.41,"2014-03-31":3232.25,"2011-03-31":135.26,"2015-03-31":3843.5,"2013-03-31":2603.58,"2012-03-31":380.69,"2010-03-31":80.75,"2009-03-31":72.72}],["Depreciation",{"2017-03-31":20.71,"2016-03-31":19.37,"2014-03-31":7.65,"2011-03-31":1.62,"2015-03-31":18.01,"2013-03-31":9.21,"2012-03-31":1.05,"2010-03-31":1.05,"2009-03-31":0.99}],["Profit before tax",{"2017-03-31":3680.78,"2016-03-31":3053.23,"2014-03-31":1900.79,"2011-03-31":109.15,"2015-03-31":2533.16,"2013-03-31":1604.12,"2012-03-31":345.27,"2010-03-31":25.41,"2009-03-31":28.31}],["Tax",{"2017-03-31":838.4,"2016-03-31":759.1,"2014-03-31":390.79,"2011-03-31":30.32,"2015-03-31":554.93,"2013-03-31":376.21,"2012-03-31":95.28,"2010-03-31":7.01,"2009-03-31":5.95}],["Net Profit",{"2017-03-31":2842.38,"2016-03-31":2294.12,"2014-03-31":1510.0,"2011-03-31":78.83,"2015-03-31":1978.23,"2013-03-31":1227.91,"2012-03-31":249.99,"2010-03-31":18.4,"2009-03-31":22.36}],["EPS (unadj)",{"2017-03-31":61.59,"2016-03-31":45.84,"2014-03-31":40.29,"2011-03-31":5.06,"2015-03-31":51.63,"2013-03-31":36.0,"2012-03-31":16.06,"2010-03-31":1.36,"2009-03-31":1.66}],["Dividend Payout",{"2017-03-31":40.26,"2016-03-31":82.64,"2014-03-31":64.15,"2011-03-31":0.0,"2015-03-31":48.53,"2013-03-31":50.9,"2012-03-31":0.0,"2010-03-31":0.0,"2009-03-31":0.0}]],"cashflow":[["Cash from Operating Activity",{"2017-03-31":-15578.45,"2016-03-31":-12384.15,"2014-03-31":-1362.25,"2011-03-31":null,"2015-03-31":-8458.96,"2013-03-31":-2978.36,"2012-03-31":-3406.5,"2010-03-31":0.22,"2009-03-31":-109.12}],["Cash from Investing Activity",{"2017-03-31":-2905.3,"2016-03-31":-4968.27,"2014-03-31":-670.87,"2011-03-31":null,"2015-03-31":-2091.67,"2013-03-31":4656.57,"2012-03-31":-90.86,"2010-03-31":-1.18,"2009-03-31":-0.11}],["Cash from Financing Activity",{"2017-03-31":21029.62,"2016-03-31":16080.38,"2014-03-31":1963.88,"2011-03-31":null,"2015-03-31":10209.9,"2013-03-31":4887.28,"2012-03-31":3394.3,"2010-03-31":454.13,"2009-03-31":157.51}],["Net Cash Flow",{"2017-03-31":2545.88,"2016-03-31":-1272.04,"2014-03-31":-69.24,"2011-03-31":null,"2015-03-31":-340.72,"2013-03-31":6565.49,"2012-03-31":-103.06,"2010-03-31":453.17,"2009-03-31":48.28}]],"quarters":[["Sales",{"2016-06-30":2307.54,"2016-12-31":2514.69,"2017-03-31":2812.49,"2017-06-30":2789.29,"2015-06-30":1757.34,"2015-03-31":1798.17,"2017-09-30":2908.75,"2015-12-31":1994.43,"2016-03-31":2272.6,"2017-12-31":3115.89,"2016-09-30":2396.99,"2015-09-30":1908.56}],["Expenses",{"2016-06-30":273.91,"2016-12-31":298.35,"2017-03-31":434.05,"2017-06-30":336.28,"2015-06-30":168.92,"2015-03-31":269.83,"2017-09-30":356.66,"2015-12-31":204.79,"2016-03-31":329.85,"2017-12-31":552.42,"2016-09-30":294.62,"2015-09-30":223.35}],["Operating Profit",{"2016-06-30":2033.63,"2016-12-31":2216.34,"2017-03-31":2378.44,"2017-06-30":2453.01,"2015-06-30":1588.42,"2015-03-31":1528.34,"2017-09-30":2552.09,"2015-12-31":1789.64,"2016-03-31":1942.75,"2017-12-31":2563.47,"2016-09-30":2102.37,"2015-09-30":1685.21}],["OPM",{"2016-06-30":88.13,"2016-12-31":88.14,"2017-03-31":84.57,"2017-06-30":87.94,"2015-06-30":90.39,"2015-03-31":84.99,"2017-09-30":87.74,"2015-12-31":89.73,"2016-03-31":85.49,"2017-12-31":82.27,"2016-09-30":87.71,"2015-09-30":88.3}],["Other Income",{"2016-06-30":220.25,"2016-12-31":413.16,"2017-03-31":288.68,"2017-06-30":260.64,"2015-06-30":189.74,"2015-03-31":232.14,"2017-09-30":269.6,"2015-12-31":226.08,"2016-03-31":241.16,"2017-12-31":755.85,"2016-09-30":363.37,"2015-09-30":252.0}],["Depreciation",{"2016-06-30":4.75,"2016-12-31":5.27,"2017-03-31":5.74,"2017-06-30":6.26,"2015-06-30":4.41,"2015-03-31":4.48,"2017-09-30":6.61,"2015-12-31":5.01,"2016-03-31":5.04,"2017-12-31":6.82,"2016-09-30":4.95,"2015-09-30":4.91}],["Interest",{"2016-06-30":1385.73,"2016-12-31":1610.91,"2017-03-31":1710.75,"2017-06-30":1718.26,"2015-06-30":1097.38,"2015-03-31":1041.49,"2017-09-30":1784.75,"2015-12-31":1200.66,"2016-03-31":1338.93,"2017-12-31":1874.78,"2016-09-30":1607.36,"2015-09-30":1205.44}],["Profit before tax",{"2016-06-30":863.41,"2016-12-31":1013.32,"2017-03-31":950.62,"2017-06-30":989.11,"2015-06-30":676.37,"2015-03-31":714.51,"2017-09-30":1030.33,"2015-12-31":810.06,"2016-03-31":839.94,"2017-12-31":1437.72,"2016-09-30":853.43,"2015-09-30":726.87}],["Tax",{"2016-06-30":236.93,"2016-12-31":260.22,"2017-03-31":128.92,"2017-06-30":255.07,"2015-06-30":177.0,"2015-03-31":187.58,"2017-09-30":234.28,"2015-12-31":201.7,"2016-03-31":198.1,"2017-12-31":353.66,"2016-09-30":212.32,"2015-09-30":182.3}],["Net Profit",{"2016-06-30":626.48,"2016-12-31":753.1,"2017-03-31":821.7,"2017-06-30":734.05,"2015-06-30":499.36,"2015-03-31":526.93,"2017-09-30":796.06,"2015-12-31":608.35,"2016-03-31":641.84,"2017-12-31":1084.05,"2016-09-30":641.11,"2015-09-30":544.57}]]},"bse_code":"535789","short_name":"Indiabulls Hous.","nse_code":"IBULHSGFIN","companyrating_set":[{"rating__rating":"CARE AAA / CARE A1+","instrument":"Bank FacilitiesFund Based - LT/ ST","rating__source":"care","link":"http://google.com/search?btnI=1&q=Indiabulls Housing Finance Ltd+site:careratings.com"},{"rating__rating":"CRISIL AA+(Stable)","instrument":"Cash Credit Limit","rating__source":"crisil","link":"http://www.crisil.com/ratings/company-wise-ratings.jsp?txtSearch=Indiabulls Housing Finance Ltd"},{"rating__rating":"CRISIL A1+","instrument":"Commercial Paper","rating__source":"crisil","link":"http://www.crisil.com/ratings/company-wise-ratings.jsp?txtSearch=Indiabulls Housing Finance Ltd"},{"rating__rating":"[ICRA]AA+ (stable)","instrument":"Financial Sector Rating-Long Term","rating__source":"icra","link":"http://icra.in/search.aspx?word=Indiabulls Housing Finance Ltd"},{"rating__rating":"[ICRA]A1+","instrument":"Financial Sector Rating-Short Term","rating__source":"icra","link":"http://icra.in/search.aspx?word=Indiabulls Housing Finance Ltd"},{"rating__rating":"BWR AA +(Stable)","instrument":"Innovative Perpetual Debt Instrument 100 Crore (Reduced from Rs. 150 Cr)","rating__source":"brickworks","link":"http://google.com/search?btnI=1&q=Indiabulls Housing Finance Ltd+site:brickworkratings.com"},{"rating__rating":"BWR AAA(Stable)","instrument":"Long Term Debt  5744.40 Crore (Reduced from Rs. 6500 Cr)","rating__source":"brickworks","link":"http://google.com/search?btnI=1&q=Indiabulls Housing Finance Ltd+site:brickworkratings.com"},{"rating__rating":"CRISIL AA+(Stable)","instrument":"Long-Term Bank Facility","rating__source":"crisil","link":"http://www.crisil.com/ratings/company-wise-ratings.jsp?txtSearch=Indiabulls Housing Finance Ltd"},{"rating__rating":"CARE AAA","instrument":"LT InstrumentsDebentures","rating__source":"care","link":"http://google.com/search?btnI=1&q=Indiabulls Housing Finance Ltd+site:careratings.com"},{"rating__rating":"CARE AA+","instrument":"LT InstrumentsDebt","rating__source":"care","link":"http://google.com/search?btnI=1&q=Indiabulls Housing Finance Ltd+site:careratings.com"},{"rating__rating":"CARE AA","instrument":"LT InstrumentsDebt","rating__source":"care","link":"http://google.com/search?btnI=1&q=Indiabulls Housing Finance Ltd+site:careratings.com"},{"rating__rating":"CRISIL AA+(Stable)","instrument":"Non Convertible Debenture","rating__source":"crisil","link":"http://www.crisil.com/ratings/company-wise-ratings.jsp?txtSearch=Indiabulls Housing Finance Ltd"},{"rating__rating":"BWR AAA(Stable)","instrument":"Non Convertible Debentures  2855 Crore (Reduced from Rs. 3000 Cr)","rating__source":"brickworks","link":"http://google.com/search?btnI=1&q=Indiabulls Housing Finance Ltd+site:brickworkratings.com"},{"rating__rating":"BWR AAA(Stable)","instrument":"Non Convertible Debentures  495 Crore (Reduced from combined Rs. 600 to Rs. 495 Cr)","rating__source":"brickworks","link":"http://google.com/search?btnI=1&q=Indiabulls Housing Finance Ltd+site:brickworkratings.com"},{"rating__rating":"CRISIL AA(SO)","instrument":"Pass Through Certificate","rating__source":"crisil","link":"http://www.crisil.com/ratings/company-wise-ratings.jsp?txtSearch=Indiabulls Housing Finance Ltd"},{"rating__rating":"CRISIL AAA(SO)","instrument":"Pass Through Certificate","rating__source":"crisil","link":"http://www.crisil.com/ratings/company-wise-ratings.jsp?txtSearch=Indiabulls Housing Finance Ltd"},{"rating__rating":"CRISIL AA+(SO)","instrument":"Pass Through Certificate","rating__source":"crisil","link":"http://www.crisil.com/ratings/company-wise-ratings.jsp?txtSearch=Indiabulls Housing Finance Ltd"},{"rating__rating":"BWR AAA(Stable)","instrument":"Proposed Long Term Subordinate NCD 650 Crore","rating__source":"brickworks","link":"http://google.com/search?btnI=1&q=Indiabulls Housing Finance Ltd+site:brickworkratings.com"},{"rating__rating":"CRISIL AA+(Stable)","instrument":"Proposed Long-Term Bank Facility","rating__source":"crisil","link":"http://www.crisil.com/ratings/company-wise-ratings.jsp?txtSearch=Indiabulls Housing Finance Ltd"},{"rating__rating":"CRISIL AA+(Stable)","instrument":"Retail Bond(LT)","rating__source":"crisil","link":"http://www.crisil.com/ratings/company-wise-ratings.jsp?txtSearch=Indiabulls Housing Finance Ltd"},{"rating__rating":"CRISIL A1+","instrument":"Short Term Non Convertible Debenture","rating__source":"crisil","link":"http://www.crisil.com/ratings/company-wise-ratings.jsp?txtSearch=Indiabulls Housing Finance Ltd"},{"rating__rating":"CRISIL A1+","instrument":"Short-Term Bank Facility","rating__source":"crisil","link":"http://www.crisil.com/ratings/company-wise-ratings.jsp?txtSearch=Indiabulls Housing Finance Ltd"},{"rating__rating":"CRISIL AAA(SO)","instrument":"Structured Debt Obligation","rating__source":"crisil","link":"http://www.crisil.com/ratings/company-wise-ratings.jsp?txtSearch=Indiabulls Housing Finance Ltd"},{"rating__rating":"CRISIL AA+(SO)","instrument":"Structured Debt Obligation","rating__source":"crisil","link":"http://www.crisil.com/ratings/company-wise-ratings.jsp?txtSearch=Indiabulls Housing Finance Ltd"},{"rating__rating":"CRISIL AA+(Stable)","instrument":"Subordinated Debt","rating__source":"crisil","link":"http://www.crisil.com/ratings/company-wise-ratings.jsp?txtSearch=Indiabulls Housing Finance Ltd"},{"rating__rating":"BWR AAA(Stable)","instrument":"Subordinated Debt  479.68 Crore (Reduced from Rs. 500 Cr)","rating__source":"brickworks","link":"http://google.com/search?btnI=1&q=Indiabulls Housing Finance Ltd+site:brickworkratings.com"}],"annualreport_set":[{"source":"bse","report_date":2017,"link":"http://www.bseindia.com/bseplus/AnnualReport/535789/5357890317.pdf"},{"source":"bse","report_date":2016,"link":"http://www.bseindia.com/bseplus/AnnualReport/535789/5357890316.pdf"},{"source":"bse","report_date":2015,"link":"http://www.bseindia.com/bseplus/AnnualReport/535789/5357890315.pdf"},{"source":"bse","report_date":2013,"link":"http://www.bseindia.com/bseplus/annualreport/535789/5357890313.pdf"},{"source":"nse","report_date":2013,"link":"http://nseindia.com/annual_reports/AR_2210_IBULHSGFIN_2012_2013_03102013180932.zip"}],"announcement_set":[{"ann_date":"06 Apr 2018","announcement":"Submission Of A Compliance Certificate Referred To In Regulation 40(9), Pursuant To Regulation 40(10) Of SEBI (Listing Obligations And Disclosure Requirements) Regulations, 2015, For The Half-Year Ended March 31, 2018","link":"https://www.bseindia.com/corporates/anndet_new.aspx?newsid=956d3392-71c3-48f8-a539-f843f31c89f3"},{"ann_date":"03 Apr 2018","announcement":"Payment of interest/principal","link":"https://www.bseindia.com/corporates/anndet_new.aspx?newsid=03981e5f-5e1a-4a87-bd62-08af7a2146ca"},{"ann_date":"02 Apr 2018","announcement":"Announcement under Regulation 30 (LODR)-Analyst / Investor Meet - Intimation","link":"https://www.bseindia.com/corporates/anndet_new.aspx?newsid=26286209-3d07-4234-9170-9fc6c2432f05"},{"ann_date":"31 Mar 2018","announcement":"Payment of Interest","link":"https://www.bseindia.com/corporates/anndet_new.aspx?newsid=3480deda-0121-4c70-a28e-d6ba4dc2ef7f"},{"ann_date":"28 Mar 2018","announcement":"Announcement under Regulation 30 (LODR)-Allotment","link":"https://www.bseindia.com/corporates/anndet_new.aspx?newsid=776a8e46-5195-4bbb-98e9-0da082699e71"}],"warehouse_set":{"high_price":1440.0,"low_price":920.0,"sales_growth":22.49,"current_price":1348.4,"dividend_yield":1.99,"face_value":2.0,"id":327035,"sales_growth_3years":25.56,"profit_growth_5years":62.61,"average_return_on_equity_3years":27.71,"book_value":339.55,"status":"Active","pair_url":"/company/IBULHSGFIN/consolidated","profit_growth":29.04,"market_capitalization":57514.09,"price_to_earning":16.74,"industry":"Housing Finance ","analysis":{"remarks":[],"bad":["Company has low interest coverage ratio.","Promoter's stake has decreased","Promoter holding is low: 23.52%"],"good":["Company has good consistent profit growth of 62.61% over 5 years","Company has a good return on equity (ROE) track record: 3 Years ROE 27.71%","Company has been maintaining a healthy dividend payout of 56.22%"]},"average_return_on_equity_5years":29.76,"profit_growth_3years":23.45,"sales_growth_5years":70.3,"return_on_equity":25.41,"result_type":"sa"},"id":496506,"name":"Indiabulls Housing Finance Ltd"}
