{"prime":"sa","number_set":{"balancesheet":[["Share Capital",{"2008-03-31":1462.68,"2016-03-31":1163.17,"2014-03-31":1155.04,"2011-03-31":1151.82,"2015-03-31":1159.66,"2013-03-31":1153.64,"2006-03-31":1239.83,"2012-03-31":1152.77,"2017-03-31":1165.11,"2010-03-31":1114.89,"2009-03-31":1113.29,"2007-03-31":1249.34}],["Reserves",{"2008-03-31":45357.53,"2016-03-31":85748.24,"2014-03-31":72051.71,"2011-03-31":53938.82,"2015-03-31":79262.26,"2013-03-31":65547.84,"2006-03-31":21316.16,"2012-03-31":59250.09,"2017-03-31":95737.57,"2010-03-31":50503.48,"2009-03-31":48419.73,"2007-03-31":23413.92}],["Borrowings",{"2008-03-31":310079.48,"2016-03-31":596233.08,"2014-03-31":486672.72,"2011-03-31":335156.39,"2015-03-31":533980.08,"2013-03-31":437955.12,"2006-03-31":203605.08,"2012-03-31":395664.87,"2017-03-31":637595.21,"2010-03-31":296280.17,"2009-03-31":311503.28,"2007-03-31":281766.22}],["Other Liabilities",{"2008-03-31":43867.43,"2016-03-31":40711.61,"2014-03-31":37002.84,"2011-03-31":16431.05,"2015-03-31":34382.16,"2013-03-31":32606.33,"2006-03-31":26247.6,"2012-03-31":33428.58,"2017-03-31":40660.95,"2010-03-31":15968.29,"2009-03-31":18813.3,"2007-03-31":39232.96}],["Total Liabilities",{"2008-03-31":400417.12,"2016-03-31":723856.1,"2014-03-31":596882.31,"2011-03-31":406678.08,"2015-03-31":648784.16,"2013-03-31":537262.93,"2006-03-31":252058.67,"2012-03-31":489496.31,"2017-03-31":775158.84,"2010-03-31":363866.83,"2009-03-31":379849.6,"2007-03-31":345312.44}],["Fixed Assets",{"2008-03-31":4108.9,"2016-03-31":7576.92,"2014-03-31":4678.14,"2011-03-31":4744.26,"2015-03-31":4725.52,"2013-03-31":4647.06,"2006-03-31":3980.71,"2012-03-31":4614.69,"2017-03-31":7805.21,"2010-03-31":3212.69,"2009-03-31":3801.62,"2007-03-31":3923.42}],["CWIP",{"2008-03-31":0.0,"2016-03-31":0.0,"2014-03-31":0.0,"2011-03-31":0.0,"2015-03-31":0.0,"2013-03-31":0.0,"2006-03-31":0.0,"2012-03-31":0.0,"2017-03-31":0.0,"2010-03-31":0.0,"2009-03-31":0.0,"2007-03-31":0.0}],["Investments",{"2008-03-31":111454.34,"2016-03-31":160411.8,"2014-03-31":177021.82,"2011-03-31":134685.96,"2015-03-31":158129.22,"2013-03-31":171393.6,"2006-03-31":71547.39,"2012-03-31":159560.04,"2017-03-31":161506.55,"2010-03-31":120892.8,"2009-03-31":103058.31,"2007-03-31":91257.84}],["Other Assets",{"2008-03-31":284853.88,"2016-03-31":555867.38,"2014-03-31":415182.35,"2011-03-31":267247.86,"2015-03-31":485929.42,"2013-03-31":361222.27,"2006-03-31":176530.57,"2012-03-31":325321.58,"2017-03-31":605847.08,"2010-03-31":239761.34,"2009-03-31":272989.67,"2007-03-31":250131.18}],["Total Assets",{"2008-03-31":400417.12,"2016-03-31":723856.1,"2014-03-31":596882.31,"2011-03-31":406678.08,"2015-03-31":648784.16,"2013-03-31":537262.93,"2006-03-31":252058.67,"2012-03-31":489496.31,"2017-03-31":775158.84,"2010-03-31":363866.83,"2009-03-31":379849.6,"2007-03-31":345312.44}]],"annual":[["Sales",{"2008-03-31":30788.34,"2016-03-31":52739.43,"2014-03-31":44178.15,"2011-03-31":25974.05,"2015-03-31":49091.14,"2013-03-31":40075.6,"2006-03-31":14306.13,"2012-03-31":33542.65,"2017-03-31":54156.28,"2010-03-31":25706.93,"2009-03-31":31092.55,"2007-03-31":21995.59}],["Expenses",{"2008-03-31":10551.5,"2016-03-31":23652.87,"2014-03-31":12364.3,"2011-03-31":8344.65,"2015-03-31":14741.88,"2013-03-31":10332.26,"2006-03-31":null,"2012-03-31":8915.05,"2017-03-31":29205.55,"2010-03-31":9630.19,"2009-03-31":10750.3,"2007-03-31":null}],["Operating Profit",{"2008-03-31":20236.84,"2016-03-31":29086.56,"2014-03-31":31813.85,"2011-03-31":17629.4,"2015-03-31":34349.26,"2013-03-31":29743.34,"2006-03-31":null,"2012-03-31":24627.6,"2017-03-31":24950.73,"2010-03-31":16076.74,"2009-03-31":20342.25,"2007-03-31":null}],["OPM",{"2008-03-31":65.73,"2016-03-31":55.15,"2014-03-31":72.01,"2011-03-31":67.87,"2015-03-31":69.97,"2013-03-31":74.22,"2006-03-31":null,"2012-03-31":73.42,"2017-03-31":46.07,"2010-03-31":62.54,"2009-03-31":65.42,"2007-03-31":null}],["Other Income",{"2008-03-31":8878.85,"2016-03-31":15323.05,"2014-03-31":10427.87,"2011-03-31":6647.9,"2015-03-31":12176.13,"2013-03-31":8345.7,"2006-03-31":5062.22,"2012-03-31":7502.76,"2017-03-31":19504.48,"2010-03-31":7477.65,"2009-03-31":8176.26,"2007-03-31":6962.95}],["Interest",{"2008-03-31":23484.24,"2016-03-31":31515.39,"2014-03-31":27702.59,"2011-03-31":16957.15,"2015-03-31":30051.53,"2013-03-31":26209.18,"2006-03-31":9597.45,"2012-03-31":22808.5,"2017-03-31":32418.96,"2010-03-31":17592.57,"2009-03-31":22725.94,"2007-03-31":16358.5}],["Depreciation",{"2008-03-31":578.35,"2016-03-31":698.51,"2014-03-31":575.97,"2011-03-31":562.44,"2015-03-31":658.95,"2013-03-31":490.16,"2006-03-31":623.79,"2012-03-31":524.53,"2017-03-31":757.65,"2010-03-31":619.5,"2009-03-31":678.6,"2007-03-31":544.78}],["Profit before tax",{"2008-03-31":5053.1,"2016-03-31":12195.71,"2014-03-31":13963.16,"2011-03-31":6757.71,"2015-03-31":15814.92,"2013-03-31":11389.69,"2006-03-31":3093.61,"2012-03-31":8797.33,"2017-03-31":11278.61,"2010-03-31":5342.32,"2009-03-31":5113.97,"2007-03-31":3645.04}],["Tax",{"2008-03-31":895.37,"2016-03-31":2469.43,"2014-03-31":4152.69,"2011-03-31":1606.33,"2015-03-31":4639.57,"2013-03-31":3064.22,"2006-03-31":553.54,"2012-03-31":2332.07,"2017-03-31":1477.52,"2010-03-31":1317.34,"2009-03-31":1355.84,"2007-03-31":534.82}],["Net Profit",{"2008-03-31":4157.73,"2016-03-31":9726.29,"2014-03-31":9810.48,"2011-03-31":5151.38,"2015-03-31":11175.35,"2013-03-31":8325.47,"2006-03-31":2540.07,"2012-03-31":6465.26,"2017-03-31":9801.09,"2010-03-31":4024.98,"2009-03-31":3758.13,"2007-03-31":3110.22}],["EPS (unadj)",{"2008-03-31":36.03,"2016-03-31":16.24,"2014-03-31":82.93,"2011-03-31":42.97,"2015-03-31":18.81,"2013-03-31":69.63,"2006-03-31":27.35,"2012-03-31":54.17,"2017-03-31":16.82,"2010-03-31":34.63,"2009-03-31":32.4,"2007-03-31":32.88}],["Dividend Payout",{"2008-03-31":29.44,"2016-03-31":29.89,"2014-03-31":27.08,"2011-03-31":31.3,"2015-03-31":25.94,"2013-03-31":27.71,"2006-03-31":29.78,"2012-03-31":29.42,"2017-03-31":14.86,"2010-03-31":33.24,"2009-03-31":32.59,"2007-03-31":28.92}]],"cashflow":[["Cash from Operating Activity",{"2008-03-31":-11720.16,"2016-03-31":22428.47,"2014-03-31":4668.6,"2011-03-31":-6908.92,"2015-03-31":-4824.49,"2013-03-31":11102.01,"2006-03-31":4653.33,"2012-03-31":-14332.36,"2017-03-31":39222.81,"2010-03-31":1869.21,"2009-03-31":-13557.81,"2007-03-31":23029.19}],["Cash from Investing Activity",{"2008-03-31":-17324.85,"2016-03-31":-4279.28,"2014-03-31":-11394.89,"2011-03-31":-980.66,"2015-03-31":-9406.16,"2013-03-31":-8903.52,"2006-03-31":-7893.98,"2012-03-31":-12280.17,"2017-03-31":7000.3,"2010-03-31":5655.3,"2009-03-31":3857.88,"2007-03-31":-18362.67}],["Cash from Financing Activity",{"2008-03-31":29964.82,"2016-03-31":-585.07,"2014-03-31":6838.37,"2011-03-31":3105.97,"2015-03-31":15005.67,"2013-03-31":2989.72,"2006-03-31":7350.9,"2012-03-31":28751.76,"2017-03-31":-30378.79,"2010-03-31":1382.62,"2009-03-31":1625.36,"2007-03-31":15414.58}],["Net Cash Flow",{"2008-03-31":919.81,"2016-03-31":17564.13,"2014-03-31":112.08,"2011-03-31":-4783.61,"2015-03-31":775.02,"2013-03-31":5188.21,"2006-03-31":4110.25,"2012-03-31":2139.23,"2017-03-31":15844.32,"2010-03-31":8907.13,"2009-03-31":-8074.57,"2007-03-31":20081.1}]],"quarters":[["Sales",{"2016-06-30":13330.25,"2016-12-31":13618.1,"2017-03-31":13568.53,"2017-06-30":13459.13,"2015-06-30":12812.56,"2015-03-31":12738.47,"2017-09-30":13577.05,"2015-12-31":13346.07,"2016-03-31":13481.93,"2017-12-31":13665.35,"2016-09-30":13639.4,"2015-09-30":13098.87}],["Expenses",{"2016-06-30":5887.57,"2016-12-31":6490.44,"2017-03-31":6765.59,"2017-06-30":6403.18,"2015-06-30":4022.57,"2015-03-31":4452.12,"2017-09-30":8411.74,"2015-12-31":5954.09,"2016-03-31":10332.15,"2017-12-31":7383.95,"2016-09-30":10819.59,"2015-09-30":4042.56}],["Operating Profit",{"2016-06-30":7442.68,"2016-12-31":7127.66,"2017-03-31":6802.94,"2017-06-30":7055.95,"2015-06-30":8789.99,"2015-03-31":8286.35,"2017-09-30":5165.31,"2015-12-31":7391.98,"2016-03-31":3149.78,"2017-12-31":6281.4,"2016-09-30":2819.81,"2015-09-30":9056.31}],["OPM",{"2016-06-30":55.83,"2016-12-31":52.34,"2017-03-31":50.14,"2017-06-30":52.43,"2015-06-30":68.6,"2015-03-31":65.05,"2017-09-30":38.04,"2015-12-31":55.39,"2016-03-31":23.36,"2017-12-31":45.97,"2016-09-30":20.67,"2015-09-30":69.14}],["Other Income",{"2016-06-30":3429.26,"2016-12-31":3938.31,"2017-03-31":3017.23,"2017-06-30":3387.91,"2015-06-30":2989.89,"2015-03-31":3496.26,"2017-09-30":5186.24,"2015-12-31":4216.88,"2016-03-31":5108.93,"2017-12-31":3166.87,"2016-09-30":9119.68,"2015-09-30":3007.35}],["Depreciation",{"2016-06-30":0.0,"2016-12-31":0.0,"2017-03-31":0.0,"2017-06-30":0.0,"2015-06-30":0.0,"2015-03-31":0.0,"2017-09-30":0.0,"2015-12-31":0.0,"2016-03-31":0.0,"2017-12-31":0.0,"2016-09-30":0.0,"2015-09-30":0.0}],["Interest",{"2016-06-30":8171.73,"2016-12-31":8254.75,"2017-03-31":7606.37,"2017-06-30":7869.29,"2015-06-30":7697.47,"2015-03-31":7659.05,"2017-09-30":7867.98,"2015-12-31":7893.11,"2016-03-31":8077.42,"2017-12-31":7960.08,"2016-09-30":8386.11,"2015-09-30":7847.39}],["Profit before tax",{"2016-06-30":2700.21,"2016-12-31":2811.22,"2017-03-31":2213.8,"2017-06-30":2574.57,"2015-06-30":4082.41,"2015-03-31":4123.56,"2017-09-30":2483.57,"2015-12-31":3715.75,"2016-03-31":181.29,"2017-12-31":1488.19,"2016-09-30":3553.38,"2015-09-30":4216.27}],["Tax",{"2016-06-30":467.86,"2016-12-31":369.4,"2017-03-31":189.16,"2017-06-30":525.57,"2015-06-30":1106.25,"2015-03-31":1201.56,"2017-09-30":425.38,"2015-12-31":697.62,"2016-03-31":-520.6,"2017-12-31":-162.05,"2016-09-30":451.11,"2015-09-30":1186.16}],["Net Profit",{"2016-06-30":2232.35,"2016-12-31":2441.82,"2017-03-31":2024.64,"2017-06-30":2049.0,"2015-06-30":2976.16,"2015-03-31":2922.0,"2017-09-30":2058.19,"2015-12-31":3018.13,"2016-03-31":701.89,"2017-12-31":1650.24,"2016-09-30":3102.27,"2015-09-30":3030.11}]]},"bse_code":"532174","short_name":"ICICI Bank","nse_code":"ICICIBANK","companyrating_set":[{"rating__rating":"CRISIL AAA(Stable)","instrument":"Bond","rating__source":"crisil","link":"http://www.crisil.com/ratings/company-wise-ratings.jsp?txtSearch=ICICI Bank Ltd"},{"rating__rating":"[ICRA]AAA (stable)","instrument":"Financial Sector Rating-Long Term","rating__source":"icra","link":"http://icra.in/search.aspx?word=ICICI Bank Ltd"},{"rating__rating":"MAAA","instrument":"Financial Sector Rating-Medium Term","rating__source":"icra","link":"http://icra.in/search.aspx?word=ICICI Bank Ltd"},{"rating__rating":"[ICRA]A1+","instrument":"Financial Sector Rating-Short Term","rating__source":"icra","link":"http://icra.in/search.aspx?word=ICICI Bank Ltd"},{"rating__rating":"CARE AAA","instrument":"LT InstrumentsBonds","rating__source":"care","link":"http://google.com/search?btnI=1&q=ICICI Bank Ltd+site:careratings.com"},{"rating__rating":"CARE AAA","instrument":"LT InstrumentsDebt","rating__source":"care","link":"http://google.com/search?btnI=1&q=ICICI Bank Ltd+site:careratings.com"},{"rating__rating":"CARE AAA (FD)","instrument":"MT InstrumentsFD","rating__source":"care","link":"http://google.com/search?btnI=1&q=ICICI Bank Ltd+site:careratings.com"},{"rating__rating":"CRISIL A1+(SO)","instrument":"Pass Through Certificate","rating__source":"crisil","link":"http://www.crisil.com/ratings/company-wise-ratings.jsp?txtSearch=ICICI Bank Ltd"},{"rating__rating":"CRISIL AAA(SO)","instrument":"Pass Through Certificate","rating__source":"crisil","link":"http://www.crisil.com/ratings/company-wise-ratings.jsp?txtSearch=ICICI Bank Ltd"},{"rating__rating":"CRISIL AAA(SO)(Stable)","instrument":"Pass Through Certificate","rating__source":"crisil","link":"http://www.crisil.com/ratings/company-wise-ratings.jsp?txtSearch=ICICI Bank Ltd"},{"rating__rating":"CRISIL AAA(Stable)","instrument":"Perpetual Tier-I Bonds (under Basel II)(LT)","rating__source":"crisil","link":"http://www.crisil.com/ratings/company-wise-ratings.jsp?txtSearch=ICICI Bank Ltd"},{"rating__rating":"CARE A1+","instrument":"ST InstrumentsCertificate Of Deposit","rating__source":"care","link":"http://google.com/search?btnI=1&q=ICICI Bank Ltd+site:careratings.com"},{"rating__rating":"CRISIL AAA(SO)","instrument":"Structured Debt Obligation","rating__source":"crisil","link":"http://www.crisil.com/ratings/company-wise-ratings.jsp?txtSearch=ICICI Bank Ltd"},{"rating__rating":"CRISIL BBB(SO)","instrument":"Structured Debt Obligation","rating__source":"crisil","link":"http://www.crisil.com/ratings/company-wise-ratings.jsp?txtSearch=ICICI Bank Ltd"},{"rating__rating":"CRISIL AAA(Stable)","instrument":"Upper Tier-II Bonds (under Basel II)(LT)","rating__source":"crisil","link":"http://www.crisil.com/ratings/company-wise-ratings.jsp?txtSearch=ICICI Bank Ltd"}],"annualreport_set":[{"source":"bse","report_date":2017,"link":"http://www.bseindia.com/bseplus/AnnualReport/532174/5321740317.pdf"},{"source":"bse","report_date":2016,"link":"http://www.bseindia.com/bseplus/AnnualReport/532174/5321740316.pdf"},{"source":"bse","report_date":2015,"link":"http://www.bseindia.com/bseplus/AnnualReport/532174/5321740315.pdf"},{"source":"bse","report_date":2014,"link":"http://www.bseindia.com/bseplus/AnnualReport/532174/5321740314.pdf"},{"source":"bse","report_date":2013,"link":"http://www.bseindia.com/bseplus/annualreport/532174/5321740313.pdf"},{"source":"bse","report_date":2012,"link":"http://www.bseindia.com/bseplus/annualreport/532174/5321740312.PDF"},{"source":"bse","report_date":2011,"link":"http://www.bseindia.com/bseplus/annualreport/532174/5321740311.pdf"},{"source":"bse","report_date":2010,"link":"http://www.bseindia.com/bseplus/annualreport/532174/5321740310.pdf"},{"source":"nse","report_date":2010,"link":"http://nseindia.com/annual_reports/AR_ICICIBANK_2009_2010_25082010120000.zip"}],"announcement_set":[{"ann_date":"06 Apr 2018","announcement":"Announcement under Regulation 30 (LODR)-Allotment of ESOP / ESPS","link":"https://www.bseindia.com/corporates/anndet_new.aspx?newsid=42bdcfcb-c785-4a65-a27d-13fdaaac6289"},{"ann_date":"06 Apr 2018","announcement":"Board Meeting-Closure of Trading Window","link":"https://www.bseindia.com/corporates/anndet_new.aspx?newsid=e70cfd52-9ec8-43ad-b4ad-0515d2e821e7"},{"ann_date":"06 Apr 2018","announcement":"Board Meeting For Approval Of Annual Accounts","link":"https://www.bseindia.com/corporates/anndet_new.aspx?newsid=08c96bd6-31ff-4dc9-b673-aa5655ddc14f"},{"ann_date":"06 Apr 2018","announcement":"Announcement under Regulation 30 (LODR)-Change in Directorate","link":"https://www.bseindia.com/corporates/anndet_new.aspx?newsid=bcb3e328-2863-453e-ba42-14936db70d07"},{"ann_date":"04 Apr 2018","announcement":"Company Update","link":"https://www.bseindia.com/corporates/anndet_new.aspx?newsid=f3fb097c-87f6-4b10-bb42-d109e8f5ade8"}],"warehouse_set":{"high_price":365.7,"low_price":241.09,"sales_growth":0.37,"current_price":280.65,"dividend_yield":0.81,"face_value":2.0,"id":1790,"sales_growth_3years":7.02,"profit_growth_5years":8.67,"average_return_on_equity_3years":12.15,"book_value":159.71,"status":"Active","pair_url":"/company/ICICIBANK/consolidated","sales_growth_10years":6.48,"average_return_on_equity_10years":11.04,"profit_growth":-8.21,"market_capitalization":180401.63,"profit_growth_10years":10.13,"price_to_earning":23.18,"industry":"Banks","analysis":{"remarks":["Some businesses are provided tax benefits to encourage their development"],"bad":["Company has low interest coverage ratio.","The company has delivered a poor growth of 10.05% over past five years.","Though the company is reporting regular profits, it is not paying out tax","Company has a low return on equity of 12.15% for last 3 years.","Contingent liabilities of Rs.1053616.90 Cr.","Company might be capitalizing the interest cost","Earnings include an other income of Rs.14758.25 Cr."],"good":["Company has been maintaining a healthy dividend payout of 23.65%"]},"result_type":"sa","profit_growth_3years":0.29,"sales_growth_5years":10.05,"return_on_equity":10.66,"average_return_on_equity_5years":12.62},"id":1384,"name":"ICICI Bank Ltd"}
