{"prime":"sa","number_set":{"balancesheet":[["Share Capital",{"2017-03-31":1435.35,"2014-03-31":1429.26,"2015-03-31":1431.72,"2013-03-31":1428.94,"2012-03-31":1428.85,"2016-03-31":1432.32}],["Reserves",{"2017-03-31":4687.83,"2014-03-31":2955.28,"2015-03-31":3832.49,"2013-03-31":2531.76,"2012-03-31":1552.67,"2016-03-31":3640.51}],["Borrowings",{"2017-03-31":1847.02,"2014-03-31":0.0,"2015-03-31":0.0,"2013-03-31":0.0,"2012-03-31":0.0,"2016-03-31":1028.94}],["Other Liabilities",{"2017-03-31":116772.32,"2014-03-31":77089.96,"2015-03-31":95951.58,"2013-03-31":71259.52,"2012-03-31":68641.44,"2016-03-31":98664.48}],["Total Liabilities",{"2017-03-31":124742.52,"2014-03-31":81474.5,"2015-03-31":101215.79,"2013-03-31":75220.22,"2012-03-31":71622.96,"2016-03-31":104766.25}],["Fixed Assets",{"2017-03-31":206.54,"2014-03-31":196.9,"2015-03-31":209.04,"2013-03-31":165.25,"2012-03-31":175.86,"2016-03-31":212.04}],["CWIP",{"2017-03-31":7.23,"2014-03-31":4.64,"2015-03-31":5.96,"2013-03-31":7.0,"2012-03-31":4.38,"2016-03-31":7.49}],["Investments",{"2017-03-31":121585.97,"2014-03-31":19791.45,"2015-03-31":24714.72,"2013-03-31":16195.8,"2012-03-31":12580.19,"2016-03-31":103027.08}],["Other Assets",{"2017-03-31":2942.78,"2014-03-31":61481.51,"2015-03-31":76286.07,"2013-03-31":58852.17,"2012-03-31":58862.53,"2016-03-31":1519.64}],["Total Assets",{"2017-03-31":124742.52,"2014-03-31":81474.5,"2015-03-31":101215.79,"2013-03-31":75220.22,"2012-03-31":71622.96,"2016-03-31":104766.25}]],"annual":[["Sales",{"2017-03-31":37869.14,"2014-03-31":21885.65,"2015-03-31":34450.64,"2013-03-31":20023.26,"2012-03-31":14020.43,"2016-03-31":20847.13}],["Expenses",{"2017-03-31":36033.73,"2014-03-31":20380.28,"2015-03-31":32795.14,"2013-03-31":19277.9,"2012-03-31":13116.91,"2016-03-31":19005.15}],["Operating Profit",{"2017-03-31":1835.41,"2014-03-31":1505.37,"2015-03-31":1655.5,"2013-03-31":745.36,"2012-03-31":903.52,"2016-03-31":1841.98}],["OPM",{"2017-03-31":4.85,"2014-03-31":6.88,"2015-03-31":4.81,"2013-03-31":3.72,"2012-03-31":6.44,"2016-03-31":8.84}],["Other Income",{"2017-03-31":28.53,"2014-03-31":128.93,"2015-03-31":42.56,"2013-03-31":900.45,"2012-03-31":626.75,"2016-03-31":0.0}],["Interest",{"2017-03-31":0.1,"2014-03-31":14.77,"2015-03-31":16.84,"2013-03-31":13.6,"2012-03-31":15.8,"2016-03-31":0.06}],["Depreciation",{"2017-03-31":0.01,"2014-03-31":46.82,"2015-03-31":39.6,"2013-03-31":40.96,"2012-03-31":55.58,"2016-03-31":0.01}],["Profit before tax",{"2017-03-31":1863.84,"2014-03-31":1572.71,"2015-03-31":1641.62,"2013-03-31":1591.25,"2012-03-31":1458.89,"2016-03-31":1841.92}],["Tax",{"2017-03-31":181.61,"2014-03-31":10.27,"2015-03-31":1.4,"2013-03-31":75.73,"2012-03-31":73.16,"2016-03-31":191.45}],["Net Profit",{"2017-03-31":1682.23,"2014-03-31":1562.44,"2015-03-31":1640.22,"2013-03-31":1515.52,"2012-03-31":1385.73,"2016-03-31":1650.46}],["EPS (unadj)",{"2017-03-31":10.94,"2014-03-31":9.63,"2015-03-31":10.34,"2013-03-31":10.05,"2012-03-31":9.23,"2016-03-31":9.81}],["Dividend Payout",{"2017-03-31":62.71,"2014-03-31":69.97,"2015-03-31":51.02,"2013-03-31":31.95,"2012-03-31":29.9,"2016-03-31":72.9}]],"cashflow":[["Cash from Operating Activity",{"2017-03-31":4132.38,"2014-03-31":-2381.06,"2015-03-31":528.33,"2013-03-31":-2639.65,"2012-03-31":2830.16,"2016-03-31":3636.16}],["Cash from Investing Activity",{"2017-03-31":-699.01,"2014-03-31":6004.13,"2015-03-31":-1819.72,"2013-03-31":1562.7,"2012-03-31":-814.19,"2016-03-31":24.75}],["Cash from Financing Activity",{"2017-03-31":-993.92,"2014-03-31":-1091.17,"2015-03-31":-965.56,"2013-03-31":-514.16,"2012-03-31":-361.61,"2016-03-31":-1442.36}],["Net Cash Flow",{"2017-03-31":2439.45,"2014-03-31":2531.9,"2015-03-31":-2256.95,"2013-03-31":-1591.11,"2012-03-31":1654.36,"2016-03-31":2218.55}]],"quarters":[["Sales",{"2016-06-30":8865.17,"2016-12-31":5199.04,"2017-03-31":14102.76,"2017-06-30":8347.82,"2015-06-30":3159.21,"2017-09-30":9524.92,"2015-12-31":6075.75,"2016-03-31":6343.37,"2017-12-31":13555.32,"2016-09-30":9259.69,"2015-09-30":4628.74}],["Expenses",{"2016-06-30":8656.98,"2016-12-31":4703.96,"2017-03-31":13859.3,"2017-06-30":7910.3,"2015-06-30":2886.18,"2017-09-30":9070.17,"2015-12-31":5696.76,"2016-03-31":5855.8,"2017-12-31":13068.3,"2016-09-30":8801.02,"2015-09-30":4376.8}],["Operating Profit",{"2016-06-30":208.19,"2016-12-31":495.08,"2017-03-31":243.46,"2017-06-30":437.52,"2015-06-30":273.03,"2017-09-30":454.75,"2015-12-31":378.99,"2016-03-31":487.57,"2017-12-31":487.02,"2016-09-30":458.67,"2015-09-30":251.94}],["OPM",{"2016-06-30":2.35,"2016-12-31":9.52,"2017-03-31":1.73,"2017-06-30":5.24,"2015-06-30":8.64,"2017-09-30":4.77,"2015-12-31":6.24,"2016-03-31":7.69,"2017-12-31":3.59,"2016-09-30":4.95,"2015-09-30":5.44}],["Other Income",{"2016-06-30":19.22,"2016-12-31":15.36,"2017-03-31":14.38,"2017-06-30":16.71,"2015-06-30":4.8,"2017-09-30":17.11,"2015-12-31":4.64,"2016-03-31":6.66,"2017-12-31":17.67,"2016-09-30":12.32,"2015-09-30":4.78}],["Depreciation",{"2016-06-30":0.0,"2016-12-31":0.0,"2017-03-31":0.0,"2017-06-30":0.0,"2015-06-30":0.0,"2017-09-30":0.0,"2015-12-31":0.0,"2016-03-31":0.0,"2017-12-31":0.0,"2016-09-30":0.0,"2015-09-30":0.0}],["Interest",{"2016-06-30":0.0,"2016-12-31":0.0,"2017-03-31":0.0,"2017-06-30":0.0,"2015-06-30":0.0,"2017-09-30":0.0,"2015-12-31":0.0,"2016-03-31":0.0,"2017-12-31":0.0,"2016-09-30":0.0,"2015-09-30":0.0}],["Profit before tax",{"2016-06-30":227.41,"2016-12-31":510.44,"2017-03-31":257.84,"2017-06-30":454.23,"2015-06-30":277.83,"2017-09-30":471.86,"2015-12-31":383.63,"2016-03-31":494.23,"2017-12-31":504.69,"2016-09-30":470.99,"2015-09-30":256.72}],["Tax",{"2016-06-30":0.42,"2016-12-31":60.4,"2017-03-31":19.44,"2017-06-30":48.3,"2015-06-30":1.8,"2017-09-30":50.65,"2015-12-31":-2.83,"2016-03-31":69.46,"2017-12-31":52.59,"2016-09-30":52.21,"2015-09-30":1.91}],["Net Profit",{"2016-06-30":226.99,"2016-12-31":450.04,"2017-03-31":238.4,"2017-06-30":405.93,"2015-06-30":276.03,"2017-09-30":421.21,"2015-12-31":386.46,"2016-03-31":424.77,"2017-12-31":452.1,"2016-09-30":418.78,"2015-09-30":254.81}]]},"bse_code":"540133","short_name":"ICICI Pru Life","nse_code":"ICICIPRULI","companyrating_set":[],"annualreport_set":[{"source":"bse","report_date":2017,"link":"http://www.bseindia.com/bseplus/AnnualReport/540133/5401330317.pdf"}],"announcement_set":[{"ann_date":"06 Apr 2018","announcement":"Certificate Under Regulation 40 (9) Of SEBI (Listing Obligations And Disclosure Requirements) Regulations, 2015.","link":"https://www.bseindia.com/corporates/anndet_new.aspx?newsid=71324b94-38e2-4263-953e-98c86d5853db"},{"ann_date":"04 Apr 2018","announcement":"Board Meeting-Closure of Trading Window","link":"https://www.bseindia.com/corporates/anndet_new.aspx?newsid=31603fd2-e6c3-48a4-9d42-838a2b83cd3f"},{"ann_date":"04 Apr 2018","announcement":"Board to consider Dividend","link":"https://www.bseindia.com/corporates/anndet_new.aspx?newsid=6b36f4cb-59f2-4d1f-b702-8eff2eacc91e"},{"ann_date":"04 Apr 2018","announcement":"A Meeting Of Board Of Directors Of The Company Is Scheduled To Be Held On Tuesday, April 24, 2018","link":"https://www.bseindia.com/corporates/anndet_new.aspx?newsid=5fdf6928-42e7-4600-8694-37d52b1ac3a7"},{"ann_date":"27 Mar 2018","announcement":"Announcement under Regulation 30 (LODR)-Allotment of ESOP / ESPS","link":"https://www.bseindia.com/corporates/anndet_new.aspx?newsid=28df863a-9e6c-4b3f-aa07-77447c309046"}],"warehouse_set":{"high_price":509.4,"low_price":363.2,"sales_growth":53.47,"current_price":400.9,"dividend_yield":1.83,"face_value":10.0,"id":11426221,"sales_growth_3years":20.05,"profit_growth_5years":3.95,"average_return_on_equity_3years":31.89,"book_value":51.57,"status":"Active","pair_url":"/company/ICICIPRULI/consolidated","profit_growth":-0.19,"market_capitalization":57549.14,"price_to_earning":37.92,"industry":"Life Insurance","analysis":{"remarks":[],"bad":["Stock is trading at 7.77 times its book value"],"good":["Company has a good return on equity (ROE) track record: 3 Years ROE 31.89%","Company has been maintaining a healthy dividend payout of 62.24%"]},"average_return_on_equity_5years":34.75,"profit_growth_3years":2.49,"sales_growth_5years":21.98,"return_on_equity":30.05,"result_type":"sa"},"id":1273517,"name":"ICICI Prudential Life Insurance Company Ltd"}
