{"prime":"sa","number_set":{"balancesheet":[["Share Capital",{"2008-03-31":724.76,"2016-03-31":2058.82,"2014-03-31":1603.94,"2011-03-31":984.57,"2015-03-31":1603.96,"2013-03-31":1332.75,"2006-03-31":723.79,"2012-03-31":1278.38,"2017-03-31":2058.82,"2010-03-31":724.86,"2009-03-31":724.78,"2007-03-31":724.35}],["Reserves",{"2008-03-31":6075.13,"2016-03-31":20055.15,"2014-03-31":20322.08,"2011-03-31":11686.25,"2015-03-31":21050.11,"2013-03-31":18139.73,"2006-03-31":5647.39,"2012-03-31":16294.75,"2017-03-31":15087.09,"2010-03-31":7500.68,"2009-03-31":6717.8,"2007-03-31":5511.2}],["Borrowings",{"2008-03-31":111610.54,"2016-03-31":336311.47,"2014-03-31":295919.92,"2011-03-31":232055.44,"2015-03-31":321668.43,"2013-03-31":292925.34,"2006-03-31":73531.12,"2012-03-31":263970.2,"2017-03-31":324902.08,"2010-03-31":215376.56,"2009-03-31":156818.05,"2007-03-31":85758.42}],["Other Liabilities",{"2008-03-31":12457.04,"2016-03-31":16961.39,"2014-03-31":11561.73,"2011-03-31":8887.55,"2015-03-31":12317.47,"2013-03-31":10419.64,"2006-03-31":8718.83,"2012-03-31":8819.37,"2017-03-31":20216.89,"2010-03-31":10167.12,"2009-03-31":8293.6,"2007-03-31":11971.92}],["Total Liabilities",{"2008-03-31":130867.47,"2016-03-31":375386.83,"2014-03-31":329407.67,"2011-03-31":253613.81,"2015-03-31":356639.97,"2013-03-31":322817.46,"2006-03-31":88621.13,"2012-03-31":290362.7,"2017-03-31":362264.88,"2010-03-31":233769.22,"2009-03-31":172554.23,"2007-03-31":103965.89}],["Fixed Assets",{"2008-03-31":2721.18,"2016-03-31":7023.13,"2014-03-31":2963.06,"2011-03-31":2969.28,"2015-03-31":3011.3,"2013-03-31":2908.56,"2006-03-31":802.5,"2012-03-31":2994.31,"2017-03-31":6808.94,"2010-03-31":2834.93,"2009-03-31":2746.55,"2007-03-31":2767.32}],["CWIP",{"2008-03-31":44.8,"2016-03-31":424.19,"2014-03-31":20.14,"2011-03-31":68.06,"2015-03-31":49.2,"2013-03-31":16.72,"2006-03-31":8.4,"2012-03-31":24.5,"2017-03-31":539.85,"2010-03-31":162.03,"2009-03-31":77.56,"2007-03-31":11.05}],["Investments",{"2008-03-31":32802.93,"2016-03-31":92997.14,"2014-03-31":103773.5,"2011-03-31":68269.18,"2015-03-31":97700.88,"2013-03-31":98800.93,"2006-03-31":25350.53,"2012-03-31":83175.36,"2017-03-31":92934.41,"2010-03-31":73345.46,"2009-03-31":50047.6,"2007-03-31":25675.31}],["Other Assets",{"2008-03-31":95298.56,"2016-03-31":274942.37,"2014-03-31":222650.97,"2011-03-31":182307.29,"2015-03-31":255878.59,"2013-03-31":221091.25,"2006-03-31":62459.7,"2012-03-31":204168.53,"2017-03-31":261981.68,"2010-03-31":157426.8,"2009-03-31":119682.52,"2007-03-31":75512.21}],["Total Assets",{"2008-03-31":130867.47,"2016-03-31":375386.83,"2014-03-31":329407.67,"2011-03-31":253613.81,"2015-03-31":356639.97,"2013-03-31":322817.46,"2006-03-31":88621.13,"2012-03-31":290362.7,"2017-03-31":362264.88,"2010-03-31":233769.22,"2009-03-31":172554.23,"2007-03-31":103965.89}]],"annual":[["Sales",{"2008-03-31":8040.88,"2016-03-31":28042.76,"2014-03-31":26597.51,"2011-03-31":18541.24,"2015-03-31":28153.99,"2013-03-31":25064.3,"2006-03-31":5380.72,"2012-03-31":23369.93,"2017-03-31":27791.37,"2010-03-31":15261.32,"2009-03-31":11545.12,"2007-03-31":6345.42}],["Expenses",{"2008-03-31":1529.93,"2016-03-31":14256.23,"2014-03-31":7145.93,"2011-03-31":4004.51,"2015-03-31":8331.24,"2013-03-31":5846.73,"2006-03-31":928.45,"2012-03-31":3869.93,"2017-03-31":17978.34,"2010-03-31":3422.14,"2009-03-31":1763.53,"2007-03-31":911.73}],["Operating Profit",{"2008-03-31":6510.95,"2016-03-31":13786.53,"2014-03-31":19451.58,"2011-03-31":14536.73,"2015-03-31":19822.75,"2013-03-31":19217.57,"2006-03-31":4452.27,"2012-03-31":19500.0,"2017-03-31":9813.03,"2010-03-31":11839.18,"2009-03-31":9781.59,"2007-03-31":5433.69}],["OPM",{"2008-03-31":80.97,"2016-03-31":49.16,"2014-03-31":73.13,"2011-03-31":78.4,"2015-03-31":70.41,"2013-03-31":76.67,"2006-03-31":82.74,"2012-03-31":83.44,"2017-03-31":35.31,"2010-03-31":77.58,"2009-03-31":84.72,"2007-03-31":85.63}],["Other Income",{"2008-03-31":1759.42,"2016-03-31":3410.7,"2014-03-31":2978.75,"2011-03-31":2143.23,"2015-03-31":4007.63,"2013-03-31":3219.51,"2006-03-31":1280.45,"2012-03-31":2112.18,"2017-03-31":3967.6,"2010-03-31":2301.73,"2009-03-31":1562.22,"2007-03-31":1058.14}],["Interest",{"2008-03-31":7364.41,"2016-03-31":21953.81,"2014-03-31":20576.04,"2011-03-31":14271.93,"2015-03-31":22406.1,"2013-03-31":19691.19,"2006-03-31":5000.82,"2012-03-31":18866.42,"2017-03-31":22039.71,"2010-03-31":13005.22,"2009-03-31":10305.72,"2007-03-31":5687.49}],["Depreciation",{"2008-03-31":83.5,"2016-03-31":214.18,"2014-03-31":113.17,"2011-03-31":127.04,"2015-03-31":136.95,"2013-03-31":124.12,"2006-03-31":143.55,"2012-03-31":116.06,"2017-03-31":358.94,"2010-03-31":90.98,"2009-03-31":52.7,"2007-03-31":121.99}],["Profit before tax",{"2008-03-31":822.46,"2016-03-31":-4970.76,"2014-03-31":1741.13,"2011-03-31":2280.99,"2015-03-31":1287.33,"2013-03-31":2621.77,"2006-03-31":588.35,"2012-03-31":2629.7,"2017-03-31":-8618.02,"2010-03-31":1044.71,"2009-03-31":985.39,"2007-03-31":682.35}],["Tax",{"2008-03-31":93.0,"2016-03-31":-1305.95,"2014-03-31":619.73,"2011-03-31":630.67,"2015-03-31":413.95,"2013-03-31":739.69,"2006-03-31":27.46,"2012-03-31":598.09,"2017-03-31":-3459.88,"2010-03-31":13.58,"2009-03-31":126.85,"2007-03-31":52.04}],["Net Profit",{"2008-03-31":729.46,"2016-03-31":-3664.8,"2014-03-31":1121.4,"2011-03-31":1650.32,"2015-03-31":873.39,"2013-03-31":1882.08,"2006-03-31":560.89,"2012-03-31":2031.61,"2017-03-31":-5158.14,"2010-03-31":1031.13,"2009-03-31":858.54,"2007-03-31":630.31}],["EPS (unadj)",{"2008-03-31":9.76,"2016-03-31":0.0,"2014-03-31":6.82,"2011-03-31":16.2,"2015-03-31":5.29,"2013-03-31":13.58,"2006-03-31":7.54,"2012-03-31":15.42,"2017-03-31":0.0,"2010-03-31":13.79,"2009-03-31":11.42,"2007-03-31":8.45}],["Dividend Payout",{"2008-03-31":19.87,"2016-03-31":-0.0,"2014-03-31":14.3,"2011-03-31":20.88,"2015-03-31":13.77,"2013-03-31":24.78,"2006-03-31":19.36,"2012-03-31":22.02,"2017-03-31":-0.0,"2010-03-31":21.09,"2009-03-31":21.11,"2007-03-31":17.24}]],"cashflow":[["Cash from Operating Activity",{"2008-03-31":2084.34,"2016-03-31":-341.16,"2014-03-31":-2005.98,"2011-03-31":3515.88,"2015-03-31":-1976.97,"2013-03-31":-346.03,"2006-03-31":-105.24,"2012-03-31":-3109.6,"2017-03-31":7634.55,"2010-03-31":3879.39,"2009-03-31":2767.71,"2007-03-31":200.64}],["Cash from Investing Activity",{"2008-03-31":-112.14,"2016-03-31":-656.06,"2014-03-31":-222.93,"2011-03-31":-203.23,"2015-03-31":-264.18,"2013-03-31":-122.16,"2006-03-31":-58.68,"2012-03-31":-159.17,"2017-03-31":-451.02,"2010-03-31":-307.1,"2009-03-31":-140.06,"2007-03-31":153.07}],["Cash from Financing Activity",{"2008-03-31":-124.52,"2016-03-31":2934.95,"2014-03-31":1122.3,"2011-03-31":2870.58,"2015-03-31":-51.0,"2013-03-31":335.06,"2006-03-31":-126.46,"2012-03-31":560.35,"2017-03-31":1900.0,"2010-03-31":-208.77,"2009-03-31":-167.1,"2007-03-31":1194.6}],["Net Cash Flow",{"2008-03-31":1847.68,"2016-03-31":1937.73,"2014-03-31":-1106.61,"2011-03-31":6183.23,"2015-03-31":-2292.16,"2013-03-31":-133.13,"2006-03-31":-290.38,"2012-03-31":-2708.42,"2017-03-31":9083.54,"2010-03-31":3363.52,"2009-03-31":2460.55,"2007-03-31":1548.31}]],"quarters":[["Sales",{"2016-06-30":7303.21,"2016-12-31":6515.93,"2017-03-31":6986.6,"2017-06-30":6010.88,"2015-06-30":7261.28,"2015-03-31":7412.08,"2017-09-30":6004.32,"2015-12-31":6783.56,"2016-03-31":6928.05,"2017-12-31":5797.2,"2016-09-30":6985.62,"2015-09-30":7069.86}],["Expenses",{"2016-06-30":3588.13,"2016-12-31":4424.87,"2017-03-31":7514.59,"2017-06-30":3314.52,"2015-06-30":1876.97,"2015-03-31":2859.29,"2017-09-30":4409.1,"2015-12-31":4738.77,"2016-03-31":5628.55,"2017-12-31":5273.25,"2016-09-30":2809.64,"2015-09-30":2226.11}],["Operating Profit",{"2016-06-30":3715.08,"2016-12-31":2091.06,"2017-03-31":-527.99,"2017-06-30":2696.36,"2015-06-30":5384.31,"2015-03-31":4552.79,"2017-09-30":1595.22,"2015-12-31":2044.79,"2016-03-31":1299.5,"2017-12-31":523.95,"2016-09-30":4175.98,"2015-09-30":4843.75}],["OPM",{"2016-06-30":50.87,"2016-12-31":32.09,"2017-03-31":-7.56,"2017-06-30":44.86,"2015-06-30":74.15,"2015-03-31":61.42,"2017-09-30":26.57,"2015-12-31":30.14,"2016-03-31":18.76,"2017-12-31":9.04,"2016-09-30":59.78,"2015-09-30":68.51}],["Other Income",{"2016-06-30":916.22,"2016-12-31":588.28,"2017-03-31":1061.52,"2017-06-30":720.0,"2015-06-30":642.09,"2015-03-31":1970.29,"2017-09-30":2293.28,"2015-12-31":578.3,"2016-03-31":1346.53,"2017-12-31":848.61,"2016-09-30":1401.58,"2015-09-30":843.78}],["Depreciation",{"2016-06-30":0.0,"2016-12-31":0.0,"2017-03-31":0.0,"2017-06-30":0.0,"2015-06-30":0.0,"2015-03-31":0.0,"2017-09-30":0.0,"2015-12-31":0.0,"2016-03-31":0.0,"2017-12-31":0.0,"2016-09-30":0.0,"2015-09-30":0.0}],["Interest",{"2016-06-30":5596.71,"2016-12-31":5702.68,"2017-03-31":5353.31,"2017-06-30":4608.98,"2015-06-30":5766.95,"2015-03-31":5751.82,"2017-09-30":4346.87,"2015-12-31":5228.02,"2016-03-31":5500.81,"2017-12-31":4131.69,"2016-09-30":5387.01,"2015-09-30":5458.03}],["Profit before tax",{"2016-06-30":-965.41,"2016-12-31":-3023.34,"2017-03-31":-4819.78,"2017-06-30":-1192.62,"2015-06-30":259.45,"2015-03-31":771.26,"2017-09-30":-458.37,"2015-12-31":-2604.93,"2016-03-31":-2854.78,"2017-12-31":-2759.13,"2016-09-30":190.55,"2015-09-30":229.5}],["Tax",{"2016-06-30":-1206.51,"2016-12-31":-768.38,"2017-03-31":-1620.02,"2017-06-30":-339.61,"2015-06-30":124.27,"2015-03-31":225.32,"2017-09-30":-260.53,"2015-12-31":-421.25,"2016-03-31":-1118.97,"2017-12-31":-1234.82,"2016-09-30":135.03,"2015-09-30":110.0}],["Net Profit",{"2016-06-30":241.1,"2016-12-31":-2254.96,"2017-03-31":-3199.76,"2017-06-30":-853.01,"2015-06-30":135.18,"2015-03-31":545.94,"2017-09-30":-197.84,"2015-12-31":-2183.68,"2016-03-31":-1735.81,"2017-12-31":-1524.31,"2016-09-30":55.52,"2015-09-30":119.5}]]},"bse_code":"500116","short_name":"IDBI Bank","nse_code":"IDBI","companyrating_set":[],"annualreport_set":[{"source":"bse","report_date":2017,"link":"http://www.bseindia.com/bseplus/AnnualReport/500116/5001160317.pdf"},{"source":"bse","report_date":2016,"link":"http://www.bseindia.com/bseplus/AnnualReport/500116/5001160316.pdf"},{"source":"bse","report_date":2015,"link":"http://www.bseindia.com/bseplus/AnnualReport/500116/5001160315.pdf"},{"source":"bse","report_date":2014,"link":"http://www.bseindia.com/bseplus/AnnualReport/500116/5001160314.pdf"},{"source":"bse","report_date":2013,"link":"http://www.bseindia.com/bseplus/annualreport/500116/5001160313.pdf"},{"source":"bse","report_date":2012,"link":"http://www.bseindia.com/bseplus/annualreport/500116/5001160312.pdf"},{"source":"nse","report_date":2012,"link":"http://nseindia.com/annual_reports/AR_IDBI_2011_2012_31122012032222.zip"},{"source":"bse","report_date":2011,"link":"http://www.bseindia.com/bseplus/annualreport/500116/5001160311.pdf"},{"source":"nse","report_date":2011,"link":"http://nseindia.com/annual_reports/AR_IDBI_2010_2011_09092011042828.zip"},{"source":"bse","report_date":2010,"link":"http://www.bseindia.com/bseplus/annualreport/500116/500116_2009-10.pdf"},{"source":"nse","report_date":2010,"link":"http://nseindia.com/annual_reports/AR_IDBI_2009_2010_18082010121500.zip"}],"announcement_set":[{"ann_date":"06 Apr 2018","announcement":"Compliances - Certificate Under Regulation 40(9) & (10) Of SEBI (LODR Regulations, 2015) For The Half Year Ended March 31, 2018","link":"https://www.bseindia.com/corporates/anndet_new.aspx?newsid=b4890406-611e-451f-907b-74080a883477"},{"ann_date":"05 Apr 2018","announcement":"Compliances - Compliance For The Half Year Ended - 31.03.18","link":"https://www.bseindia.com/corporates/anndet_new.aspx?newsid=e7e8422a-8377-45ec-955b-d188dec04207"},{"ann_date":"03 Apr 2018","announcement":"Announcement Under Regulation 30 (LODR) - Preferential Issue Of Capital To Govt. Of India","link":"https://www.bseindia.com/corporates/anndet_new.aspx?newsid=48490a2f-7964-4544-82df-55daaddcb112"},{"ann_date":"31 Mar 2018","announcement":"Compliance Of Regulation 30 & 57(1) Of SEBI Listing Regulations 2015","link":"https://www.bseindia.com/corporates/anndet_new.aspx?newsid=1bd3d5a6-84d1-415a-bd00-19662d2eef0b"},{"ann_date":"29 Mar 2018","announcement":"Announcement under Regulation 30 (LODR)-Memorandum of Understanding /Agreements","link":"https://www.bseindia.com/corporates/anndet_new.aspx?newsid=3498bead-931c-422e-ae14-b6b2c573bbc3"}],"warehouse_set":{"high_price":91.5,"low_price":50.2,"sales_growth":-10.58,"current_price":73.1,"dividend_yield":0.0,"face_value":10.0,"id":1801,"sales_growth_3years":1.47,"average_return_on_equity_3years":-11.69,"book_value":47.25,"status":"Active","pair_url":"/company/IDBI/consolidated","sales_growth_10years":14.77,"average_return_on_equity_10years":1.63,"profit_growth":-56.33,"market_capitalization":22543.04,"industry":"Banks","analysis":{"remarks":[],"bad":["Company has low interest coverage ratio.","The company has delivered a poor growth of 3.53% over past five years.","Company has a low return on equity of -11.69% for last 3 years.","Contingent liabilities of Rs.201931.13 Cr.","Earnings include an other income of Rs.4923.41 Cr."],"good":[]},"average_return_on_equity_5years":-3.94,"sales_growth_5years":3.53,"return_on_equity":-26.27,"result_type":"sa"},"id":1387,"name":"IDBI Bank Ltd"}
