{"prime":"sa","number_set":{"balancesheet":[["Share Capital",{"2017-03-31":3399.01,"2015-03-31":0.05,"2016-03-31":3392.62}],["Reserves",{"2017-03-31":11277.97,"2015-03-31":-2.58,"2016-03-31":10236.61}],["Borrowings",{"2017-03-31":90470.41,"2015-03-31":0.0,"2016-03-31":65378.88}],["Other Liabilities",{"2017-03-31":7207.64,"2015-03-31":2.59,"2016-03-31":4325.27}],["Total Liabilities",{"2017-03-31":112355.03,"2015-03-31":0.06,"2016-03-31":83333.38}],["Fixed Assets",{"2017-03-31":781.18,"2015-03-31":0.0,"2016-03-31":643.64}],["CWIP",{"2017-03-31":5.37,"2015-03-31":0.0,"2016-03-31":29.21}],["Investments",{"2017-03-31":50471.7,"2015-03-31":0.0,"2016-03-31":29728.61}],["Other Assets",{"2017-03-31":61096.78,"2015-03-31":0.06,"2016-03-31":52931.92}],["Total Assets",{"2017-03-31":112355.03,"2015-03-31":0.06,"2016-03-31":83333.38}]],"annual":[["Sales",{"2017-03-31":8532.71,"2015-03-31":0.0,"2016-03-31":3648.83}],["Expenses",{"2017-03-31":1425.14,"2015-03-31":2.58,"2016-03-31":494.01}],["Operating Profit",{"2017-03-31":7107.57,"2015-03-31":-2.58,"2016-03-31":3154.82}],["OPM",{"2017-03-31":83.3,"2015-03-31":"--","2016-03-31":86.46}],["Other Income",{"2017-03-31":1013.12,"2015-03-31":0.0,"2016-03-31":403.2}],["Interest",{"2017-03-31":6515.39,"2015-03-31":0.0,"2016-03-31":2801.5}],["Depreciation",{"2017-03-31":134.34,"2015-03-31":0.0,"2016-03-31":40.75}],["Profit before tax",{"2017-03-31":1470.96,"2015-03-31":-2.58,"2016-03-31":715.77}],["Tax",{"2017-03-31":451.22,"2015-03-31":0.0,"2016-03-31":248.92}],["Net Profit",{"2017-03-31":1019.74,"2015-03-31":-2.58,"2016-03-31":466.85}],["EPS (unadj)",{"2017-03-31":3.0,"2015-03-31":0.0,"2016-03-31":1.33}],["Dividend Payout",{"2017-03-31":25.0,"2015-03-31":-0.0,"2016-03-31":18.17}]],"cashflow":[["Cash from Operating Activity",{"2017-03-31":14246.53,"2015-03-31":0.0,"2016-03-31":-13033.62}],["Cash from Investing Activity",{"2017-03-31":-5074.42,"2015-03-31":0.0,"2016-03-31":7171.08}],["Cash from Financing Activity",{"2017-03-31":-6974.02,"2015-03-31":0.05,"2016-03-31":7474.91}],["Net Cash Flow",{"2017-03-31":2198.09,"2015-03-31":0.05,"2016-03-31":1612.38}]],"quarters":[["Sales",{"2016-06-30":1975.45,"2016-12-31":2250.88,"2017-03-31":2223.38,"2017-06-30":2145.15,"2015-06-30":0.0,"2015-03-31":0.0,"2017-09-30":2219.84,"2015-12-31":1789.09,"2016-03-31":1815.54,"2017-12-31":2283.72,"2016-09-30":2083.0,"2015-09-30":44.2}],["Expenses",{"2016-06-30":272.45,"2016-12-31":573.16,"2017-03-31":266.25,"2017-06-30":335.59,"2015-06-30":0.01,"2015-03-31":0.0,"2017-09-30":221.78,"2015-12-31":213.41,"2016-03-31":280.0,"2017-12-31":479.01,"2016-09-30":313.28,"2015-09-30":0.59}],["Operating Profit",{"2016-06-30":1703.0,"2016-12-31":1677.72,"2017-03-31":1957.13,"2017-06-30":1809.56,"2015-06-30":-0.01,"2015-03-31":0.0,"2017-09-30":1998.06,"2015-12-31":1575.68,"2016-03-31":1535.54,"2017-12-31":1804.71,"2016-09-30":1769.72,"2015-09-30":43.61}],["OPM",{"2016-06-30":86.21,"2016-12-31":74.54,"2017-03-31":88.02,"2017-06-30":84.36,"2015-06-30":"--","2015-03-31":"--","2017-09-30":90.01,"2015-12-31":88.07,"2016-03-31":84.58,"2017-12-31":79.03,"2016-09-30":84.96,"2015-09-30":98.67}],["Other Income",{"2016-06-30":212.6,"2016-12-31":334.2,"2017-03-31":56.27,"2017-06-30":648.83,"2015-06-30":0.0,"2015-03-31":0.0,"2017-09-30":145.23,"2015-12-31":217.93,"2016-03-31":137.66,"2017-12-31":230.79,"2016-09-30":410.04,"2015-09-30":47.61}],["Depreciation",{"2016-06-30":27.77,"2016-12-31":37.55,"2017-03-31":36.65,"2017-06-30":39.18,"2015-06-30":0.0,"2015-03-31":0.0,"2017-09-30":40.17,"2015-12-31":14.21,"2016-03-31":26.54,"2017-12-31":40.62,"2016-09-30":32.38,"2015-09-30":0.0}],["Interest",{"2016-06-30":1476.57,"2016-12-31":1730.11,"2017-03-31":1721.3,"2017-06-30":1757.13,"2015-06-30":0.0,"2015-03-31":0.0,"2017-09-30":1757.96,"2015-12-31":1402.79,"2016-03-31":1398.72,"2017-12-31":1788.76,"2016-09-30":1587.41,"2015-09-30":0.0}],["Profit before tax",{"2016-06-30":411.26,"2016-12-31":244.26,"2017-03-31":255.45,"2017-06-30":662.09,"2015-06-30":-0.01,"2015-03-31":0.0,"2017-09-30":345.16,"2015-12-31":376.61,"2016-03-31":247.94,"2017-12-31":206.12,"2016-09-30":559.98,"2015-09-30":91.22}],["Tax",{"2016-06-30":146.5,"2016-12-31":53.0,"2017-03-31":79.5,"2017-06-30":224.5,"2015-06-30":0.0,"2015-03-31":0.0,"2017-09-30":111.5,"2015-12-31":134.45,"2016-03-31":82.88,"2017-12-31":60.0,"2016-09-30":172.22,"2015-09-30":31.58}],["Net Profit",{"2016-06-30":264.76,"2016-12-31":191.26,"2017-03-31":175.95,"2017-06-30":437.59,"2015-06-30":-0.01,"2015-03-31":0.0,"2017-09-30":233.66,"2015-12-31":242.17,"2016-03-31":165.06,"2017-12-31":146.11,"2016-09-30":387.76,"2015-09-30":59.64}]]},"bse_code":"539437","short_name":"IDFC Bank","nse_code":"IDFCBANK","companyrating_set":[],"annualreport_set":[{"source":"bse","report_date":2017,"link":"http://www.bseindia.com/bseplus/AnnualReport/539437/5394370317.pdf"},{"source":"bse","report_date":2016,"link":"http://www.bseindia.com/bseplus/AnnualReport/539437/5394370316.pdf"}],"announcement_set":[{"ann_date":"04 Apr 2018","announcement":"Compliance Certificate - Regulation 40(9) Of SEBI (Listing Obligations And Disclosure Requirements) Regulations 2015 - March 31, 2018","link":"https://www.bseindia.com/corporates/anndet_new.aspx?newsid=15ebd598-8e73-4ee1-ab65-73f000104e9d"},{"ann_date":"04 Apr 2018","announcement":"Statement Of Investor Complaints For The Quarter Ended March 2018","link":"https://www.bseindia.com/corporates/anndet_new.aspx?newsid=2a3963c0-a9e5-4267-8761-c5d815e12ab5"},{"ann_date":"03 Apr 2018","announcement":"Board to consider FY18 results & Dividend on April 24, 2018","link":"https://www.bseindia.com/corporates/anndet_new.aspx?newsid=fb7b9542-6bd3-421f-a90b-ae4784466572"},{"ann_date":"03 Apr 2018","announcement":"Board Meeting-Closure of Trading Window","link":"https://www.bseindia.com/corporates/anndet_new.aspx?newsid=d2f902e0-67af-4707-ae8d-83526bd0334a"},{"ann_date":"03 Apr 2018","announcement":"Board Meeting - Board Meeting On April 24, 2018","link":"https://www.bseindia.com/corporates/anndet_new.aspx?newsid=b561b3f9-a965-49bc-8b96-b7b3b58d6dfa"}],"warehouse_set":{"status":"Active","high_price":71.15,"book_value":45.52,"price_to_earning":19.57,"low_price":47.15,"industry":"Banks","result_type":"sa","pair_url":"/company/IDFCBANK/consolidated","profit_growth":-1.54,"return_on_equity":7.23,"sales_growth":9.2,"current_price":49.85,"dividend_yield":1.5,"face_value":10.0,"id":7517028,"market_capitalization":16969.31,"analysis":{"remarks":[],"bad":["Company has low interest coverage ratio.","Contingent liabilities of Rs.203512.34 Cr."],"good":["Stock is trading at 1.10 times its book value","Promoter's stake has increased","Company has been maintaining a healthy dividend payout of 22.81%"]}},"id":1273113,"name":"IDFC Bank Ltd"}
