{"prime":"con","number_set":{"balancesheet":[["Share Capital",{"2008-03-31":1294.3,"2016-03-31":1594.02,"2014-03-31":1516.29,"2011-03-31":2300.95,"2015-03-31":1592.78,"2013-03-31":1514.73,"2006-03-31":1122.45,"2012-03-31":1512.36,"2017-03-31":1595.94,"2010-03-31":1300.61,"2009-03-31":1295.28,"2007-03-31":1125.93}],["Reserves",{"2008-03-31":4160.08,"2016-03-31":7994.71,"2014-03-31":13192.66,"2011-03-31":8765.05,"2015-03-31":15336.74,"2013-03-31":11942.58,"2006-03-31":1421.74,"2012-03-31":10627.61,"2017-03-31":8054.35,"2010-03-31":5522.24,"2009-03-31":4733.87,"2007-03-31":1756.1}],["Borrowings",{"2008-03-31":22288.5,"2016-03-31":0.0,"2014-03-31":55671.62,"2011-03-31":36297.27,"2015-03-31":66251.53,"2013-03-31":53630.06,"2006-03-31":9366.55,"2012-03-31":46428.78,"2017-03-31":199.7,"2010-03-31":26522.88,"2009-03-31":23533.03,"2007-03-31":14888.98}],["Other Liabilities",{"2008-03-31":865.13,"2016-03-31":31.06,"2014-03-31":3413.15,"2011-03-31":2499.23,"2015-03-31":3398.4,"2013-03-31":2935.62,"2006-03-31":343.71,"2012-03-31":2163.89,"2017-03-31":28.47,"2010-03-31":1014.77,"2009-03-31":815.25,"2007-03-31":506.46}],["Total Liabilities",{"2008-03-31":28608.01,"2016-03-31":9619.79,"2014-03-31":73793.72,"2011-03-31":49022.5,"2015-03-31":86579.45,"2013-03-31":70022.99,"2006-03-31":12254.45,"2012-03-31":60732.64,"2017-03-31":9878.46,"2010-03-31":34360.5,"2009-03-31":30377.43,"2007-03-31":18277.47}],["Fixed Assets",{"2008-03-31":44.56,"2016-03-31":65.73,"2014-03-31":277.67,"2011-03-31":341.97,"2015-03-31":359.15,"2013-03-31":291.66,"2006-03-31":49.77,"2012-03-31":314.19,"2017-03-31":61.85,"2010-03-31":357.82,"2009-03-31":386.52,"2007-03-31":47.77}],["CWIP",{"2008-03-31":291.36,"2016-03-31":0.0,"2014-03-31":0.9,"2011-03-31":0.64,"2015-03-31":13.69,"2013-03-31":0.0,"2006-03-31":0.0,"2012-03-31":0.16,"2017-03-31":0.0,"2010-03-31":4.63,"2009-03-31":4.0,"2007-03-31":0.0}],["Investments",{"2008-03-31":5517.51,"2016-03-31":9229.18,"2014-03-31":11198.88,"2011-03-31":8107.42,"2015-03-31":30486.89,"2013-03-31":11272.4,"2006-03-31":1294.87,"2012-03-31":8485.71,"2017-03-31":9383.44,"2010-03-31":5782.69,"2009-03-31":7578.39,"2007-03-31":2497.61}],["Other Assets",{"2008-03-31":22754.58,"2016-03-31":324.88,"2014-03-31":62316.27,"2011-03-31":40572.47,"2015-03-31":55719.72,"2013-03-31":58458.93,"2006-03-31":10909.81,"2012-03-31":51932.58,"2017-03-31":433.17,"2010-03-31":28215.36,"2009-03-31":22408.52,"2007-03-31":15732.09}],["Total Assets",{"2008-03-31":28608.01,"2016-03-31":9619.79,"2014-03-31":73793.72,"2011-03-31":49022.5,"2015-03-31":86579.45,"2013-03-31":70022.99,"2006-03-31":12254.45,"2012-03-31":60732.64,"2017-03-31":9878.46,"2010-03-31":34360.5,"2009-03-31":30377.43,"2007-03-31":18277.47}]],"annual":[["Sales",{"2008-03-31":2523.67,"2016-03-31":225.88,"2014-03-31":8219.97,"2011-03-31":4546.01,"2015-03-31":99.56,"2013-03-31":7774.19,"2006-03-31":1002.54,"2012-03-31":6183.45,"2017-03-31":159.22,"2010-03-31":3582.83,"2009-03-31":3320.5,"2007-03-31":1500.55}],["Expenses",{"2008-03-31":199.14,"2016-03-31":1360.51,"2014-03-31":842.49,"2011-03-31":410.69,"2015-03-31":-1586.43,"2013-03-31":615.87,"2006-03-31":88.33,"2012-03-31":508.14,"2017-03-31":72.31,"2010-03-31":296.9,"2009-03-31":264.96,"2007-03-31":109.79}],["Operating Profit",{"2008-03-31":2324.53,"2016-03-31":-1134.63,"2014-03-31":7377.48,"2011-03-31":4135.32,"2015-03-31":1685.99,"2013-03-31":7158.32,"2006-03-31":914.21,"2012-03-31":5675.31,"2017-03-31":86.91,"2010-03-31":3285.93,"2009-03-31":3055.54,"2007-03-31":1390.76}],["OPM",{"2008-03-31":92.11,"2016-03-31":-502.32,"2014-03-31":89.75,"2011-03-31":90.97,"2015-03-31":1693.44,"2013-03-31":92.08,"2006-03-31":91.19,"2012-03-31":91.78,"2017-03-31":54.58,"2010-03-31":91.71,"2009-03-31":92.02,"2007-03-31":92.68}],["Other Income",{"2008-03-31":64.22,"2016-03-31":0.0,"2014-03-31":11.96,"2011-03-31":14.34,"2015-03-31":0.0,"2013-03-31":2.3,"2006-03-31":9.36,"2012-03-31":12.56,"2017-03-31":0.0,"2010-03-31":14.28,"2009-03-31":9.12,"2007-03-31":40.31}],["Interest",{"2008-03-31":1510.99,"2016-03-31":0.0,"2014-03-31":5006.96,"2011-03-31":2386.52,"2015-03-31":0.0,"2013-03-31":4665.19,"2006-03-31":500.84,"2012-03-31":3455.23,"2017-03-31":2.73,"2010-03-31":1950.23,"2009-03-31":2079.54,"2007-03-31":855.46}],["Depreciation",{"2008-03-31":4.71,"2016-03-31":4.96,"2014-03-31":24.29,"2011-03-31":32.7,"2015-03-31":-31.65,"2013-03-31":27.45,"2006-03-31":3.44,"2012-03-31":31.28,"2017-03-31":5.25,"2010-03-31":32.84,"2009-03-31":20.2,"2007-03-31":4.08}],["Profit before tax",{"2008-03-31":873.05,"2016-03-31":-1139.59,"2014-03-31":2358.19,"2011-03-31":1730.44,"2015-03-31":1717.64,"2013-03-31":2467.98,"2006-03-31":419.29,"2012-03-31":2201.36,"2017-03-31":78.93,"2010-03-31":1317.14,"2009-03-31":964.92,"2007-03-31":571.53}],["Tax",{"2008-03-31":203.88,"2016-03-31":22.55,"2014-03-31":657.07,"2011-03-31":453.3,"2015-03-31":32.15,"2013-03-31":703.0,"2006-03-31":43.65,"2012-03-31":598.4,"2017-03-31":23.18,"2010-03-31":304.3,"2009-03-31":229.0,"2007-03-31":108.66}],["Net Profit",{"2008-03-31":669.17,"2016-03-31":-1162.14,"2014-03-31":1701.12,"2011-03-31":1277.14,"2015-03-31":1685.49,"2013-03-31":1764.98,"2006-03-31":375.64,"2012-03-31":1602.96,"2017-03-31":55.75,"2010-03-31":1012.84,"2009-03-31":735.92,"2007-03-31":462.87}],["EPS (unadj)",{"2008-03-31":4.97,"2016-03-31":0.0,"2014-03-31":10.78,"2011-03-31":8.21,"2015-03-31":10.05,"2013-03-31":11.24,"2006-03-31":3.21,"2012-03-31":9.96,"2017-03-31":0.35,"2010-03-31":7.62,"2009-03-31":5.53,"2007-03-31":3.94}],["Dividend Payout",{"2008-03-31":23.21,"2016-03-31":-0.0,"2014-03-31":23.17,"2011-03-31":22.88,"2015-03-31":24.57,"2013-03-31":22.31,"2006-03-31":29.88,"2012-03-31":21.7,"2017-03-31":71.57,"2010-03-31":19.26,"2009-03-31":21.12,"2007-03-31":24.32}]],"cashflow":[["Cash from Operating Activity",{"2008-03-31":478.13,"2016-03-31":9512.99,"2014-03-31":-1604.32,"2011-03-31":-11651.54,"2015-03-31":7276.4,"2013-03-31":-5531.69,"2006-03-31":200.36,"2012-03-31":-9223.31,"2017-03-31":114.11,"2010-03-31":-3398.14,"2009-03-31":-120.47,"2007-03-31":120.44}],["Cash from Investing Activity",{"2008-03-31":-3298.24,"2016-03-31":542.66,"2014-03-31":553.39,"2011-03-31":-1236.32,"2015-03-31":-18269.39,"2013-03-31":-1432.11,"2006-03-31":-310.15,"2012-03-31":-38.97,"2017-03-31":-161.67,"2010-03-31":53.78,"2009-03-31":-1543.5,"2007-03-31":-1049.82}],["Cash from Financing Activity",{"2008-03-31":3453.36,"2016-03-31":-9969.94,"2014-03-31":1145.83,"2011-03-31":13081.17,"2015-03-31":10935.97,"2013-03-31":7003.62,"2006-03-31":17.73,"2012-03-31":9099.08,"2017-03-31":199.84,"2010-03-31":2720.08,"2009-03-31":714.54,"2007-03-31":1566.21}],["Net Cash Flow",{"2008-03-31":633.25,"2016-03-31":85.71,"2014-03-31":94.9,"2011-03-31":193.31,"2015-03-31":-57.02,"2013-03-31":39.82,"2006-03-31":-92.06,"2012-03-31":-163.2,"2017-03-31":152.28,"2010-03-31":-624.28,"2009-03-31":-949.43,"2007-03-31":636.83}]],"quarters":[["Sales",{"2016-06-30":16.68,"2016-12-31":15.21,"2017-03-31":14.45,"2017-06-30":15.75,"2015-06-30":2086.82,"2015-03-31":2415.83,"2017-09-30":156.95,"2015-12-31":11.56,"2016-03-31":6.05,"2017-12-31":7.33,"2016-09-30":112.88,"2015-09-30":2456.05}],["Expenses",{"2016-06-30":5.6,"2016-12-31":55.13,"2017-03-31":4.74,"2017-06-30":9.26,"2015-06-30":213.36,"2015-03-31":517.32,"2017-09-30":15.35,"2015-12-31":4.18,"2016-03-31":5.98,"2017-12-31":7.09,"2016-09-30":6.84,"2015-09-30":3158.97}],["Operating Profit",{"2016-06-30":11.08,"2016-12-31":-39.92,"2017-03-31":9.71,"2017-06-30":6.49,"2015-06-30":1873.46,"2015-03-31":1898.51,"2017-09-30":141.6,"2015-12-31":7.38,"2016-03-31":0.07,"2017-12-31":0.24,"2016-09-30":106.04,"2015-09-30":-702.92}],["OPM",{"2016-06-30":66.43,"2016-12-31":-262.46,"2017-03-31":67.2,"2017-06-30":41.21,"2015-06-30":89.78,"2015-03-31":78.59,"2017-09-30":90.22,"2015-12-31":63.84,"2016-03-31":1.16,"2017-12-31":3.27,"2016-09-30":93.94,"2015-09-30":-28.62}],["Other Income",{"2016-06-30":0.0,"2016-12-31":0.0,"2017-03-31":0.0,"2017-06-30":0.06,"2015-06-30":0.26,"2015-03-31":11.71,"2017-09-30":4.92,"2015-12-31":0.01,"2016-03-31":0.0,"2017-12-31":0.06,"2016-09-30":0.0,"2015-09-30":2.05}],["Depreciation",{"2016-06-30":1.28,"2016-12-31":1.35,"2017-03-31":1.31,"2017-06-30":1.32,"2015-06-30":5.37,"2015-03-31":4.81,"2017-09-30":1.32,"2015-12-31":1.36,"2016-03-31":1.3,"2017-12-31":1.33,"2016-09-30":1.31,"2015-09-30":7.16}],["Interest",{"2016-06-30":0.0,"2016-12-31":0.0,"2017-03-31":0.27,"2017-06-30":0.3,"2015-06-30":1519.31,"2015-03-31":1485.01,"2017-09-30":0.0,"2015-12-31":0.0,"2016-03-31":0.0,"2017-12-31":0.0,"2016-09-30":2.46,"2015-09-30":1451.05}],["Profit before tax",{"2016-06-30":9.8,"2016-12-31":-41.27,"2017-03-31":8.13,"2017-06-30":4.93,"2015-06-30":349.04,"2015-03-31":420.4,"2017-09-30":145.2,"2015-12-31":6.03,"2016-03-31":-1.23,"2017-12-31":-1.03,"2016-09-30":102.27,"2015-09-30":-2159.08}],["Tax",{"2016-06-30":4.55,"2016-12-31":3.5,"2017-03-31":3.93,"2017-06-30":3.15,"2015-06-30":108.16,"2015-03-31":54.93,"2017-09-30":2.62,"2015-12-31":2.47,"2016-03-31":-6.03,"2017-12-31":1.71,"2016-09-30":11.2,"2015-09-30":-747.7}],["Net Profit",{"2016-06-30":5.25,"2016-12-31":-44.77,"2017-03-31":4.2,"2017-06-30":1.78,"2015-06-30":240.88,"2015-03-31":365.47,"2017-09-30":142.58,"2015-12-31":3.56,"2016-03-31":4.8,"2017-12-31":-2.74,"2016-09-30":91.07,"2015-09-30":-1411.38}]]},"bse_code":"532659","short_name":"I D F C","nse_code":"IDFC","companyrating_set":[{"rating__rating":"[ICRA]AAA (stable)","instrument":"Financial Sector Rating-Long Term","rating__source":"icra","link":"http://icra.in/search.aspx?word=IDFC Ltd"},{"rating__rating":"[ICRA]A1+","instrument":"Financial Sector Rating-Short Term","rating__source":"icra","link":"http://icra.in/search.aspx?word=IDFC Ltd"},{"rating__rating":"IND AAA(Stable)","instrument":"Long Term Rating","rating__source":"fitch","link":"http://www.indiaratings.co.in/search/search.jsp?q=IDFC Ltd"}],"annualreport_set":[{"source":"bse","report_date":2017,"link":"http://www.bseindia.com/bseplus/AnnualReport/532659/5326590317.pdf"},{"source":"bse","report_date":2016,"link":"http://www.bseindia.com/bseplus/AnnualReport/532659/5326590316.pdf"},{"source":"bse","report_date":2015,"link":"http://www.bseindia.com/bseplus/AnnualReport/532659/5326590315.pdf"},{"source":"bse","report_date":2014,"link":"http://www.bseindia.com/bseplus/AnnualReport/532659/5326590314.pdf"},{"source":"bse","report_date":2013,"link":"http://www.bseindia.com/bseplus/annualreport/532659/5326590313.pdf"},{"source":"nse","report_date":2012,"link":"http://nseindia.com/annual_reports/AR_IDFC_2011_2012_20062012101256.zip"},{"source":"bse","report_date":2011,"link":"http://www.bseindia.com/bseplus/annualreport/532659/5326590311.pdf"},{"source":"nse","report_date":2011,"link":"http://nseindia.com/annual_reports/AR_IDFC_2010_2011_04072011150505.zip"},{"source":"bse","report_date":2010,"link":"http://www.bseindia.com/bseplus/annualreport/532659/532659_2009-10.pdf"},{"source":"nse","report_date":2010,"link":"http://nseindia.com/annual_reports/AR_IDFC_2009_2010_18082010121500.zip"}],"announcement_set":[{"ann_date":"05 Apr 2018","announcement":"Regulation 40(9) Of SEBI (Listing Obligations And Disclosure Requirements) Regulations, 2015","link":"https://www.bseindia.com/corporates/anndet_new.aspx?newsid=ee812e95-059d-4080-a351-b2f59156e515"},{"ann_date":"03 Apr 2018","announcement":"Board to consider FY18 results & Dividend on April 27, 2018","link":"https://www.bseindia.com/corporates/anndet_new.aspx?newsid=13da4fa9-c069-4d57-b46f-a5d3b4dc63dc"},{"ann_date":"03 Apr 2018","announcement":"Board Meeting-Closure of Trading Window","link":"https://www.bseindia.com/corporates/anndet_new.aspx?newsid=144d2388-d7ee-4fe7-9c28-c85417b042d5"},{"ann_date":"03 Apr 2018","announcement":"IDFC Limited - Notice For 123Rd Board Meeting Scheduled On April 27, 2018","link":"https://www.bseindia.com/corporates/anndet_new.aspx?newsid=8b494a16-8b53-4dbe-b26e-7655c54ecf40"},{"ann_date":"03 Apr 2018","announcement":"Compliance Certificate- Regulation 7(3) Of SEBI (Listing Obligations And Disclosure Requirements) 2015 For The Half Year Ended 31.03.2018","link":"https://www.bseindia.com/corporates/anndet_new.aspx?newsid=8d481d66-9fcb-41af-aef1-6bef2d4fbb99"}],"warehouse_set":{"high_price":68.9,"low_price":48.3,"sales_growth":28.95,"current_price":52.7,"dividend_yield":0.47,"face_value":10.0,"id":1805,"sales_growth_3years":-73.13,"profit_growth_5years":-48.91,"average_return_on_equity_3years":5.37,"book_value":61.34,"status":"Active","pair_url":"/company/IDFC/consolidated","sales_growth_10years":-26.43,"average_return_on_equity_10years":10.46,"profit_growth":158.78,"market_capitalization":8412.79,"profit_growth_10years":-24.11,"price_to_earning":57.69,"industry":"Finance (including NBFCs)","analysis":{"remarks":[],"bad":["The company has delivered a poor growth of -51.92% over past five years.","Company has a low return on equity of 5.37% for last 3 years."],"good":["Company is virtually debt free.","Stock is trading at 0.86 times its book value","Company is expected to give good quarter"]},"result_type":"sa","profit_growth_3years":-67.95,"sales_growth_5years":-51.92,"return_on_equity":0.58,"average_return_on_equity_5years":8.66},"id":1492,"name":"IDFC Ltd"}
