{"prime":"sa","number_set":{"balancesheet":[["Share Capital",{"2008-03-31":140.0,"2016-03-31":140.0,"2014-03-31":140.0,"2011-03-31":140.0,"2015-03-31":140.0,"2013-03-31":140.0,"2006-03-31":140.0,"2012-03-31":140.0,"2017-03-31":140.0,"2010-03-31":140.0,"2009-03-31":140.0,"2007-03-31":140.0}],["Reserves",{"2008-03-31":436.46,"2016-03-31":2376.43,"2014-03-31":1623.16,"2011-03-31":863.86,"2015-03-31":1958.13,"2013-03-31":1352.99,"2006-03-31":238.7,"2012-03-31":1088.94,"2017-03-31":2786.56,"2010-03-31":685.45,"2009-03-31":543.42,"2007-03-31":327.52}],["Borrowings",{"2008-03-31":6.83,"2016-03-31":0.0,"2014-03-31":352.49,"2011-03-31":281.84,"2015-03-31":145.31,"2013-03-31":458.49,"2006-03-31":4.29,"2012-03-31":539.02,"2017-03-31":0.0,"2010-03-31":55.22,"2009-03-31":26.54,"2007-03-31":5.38}],["Other Liabilities",{"2008-03-31":171.67,"2016-03-31":876.54,"2014-03-31":744.27,"2011-03-31":483.26,"2015-03-31":839.18,"2013-03-31":687.91,"2006-03-31":287.22,"2012-03-31":561.68,"2017-03-31":1187.61,"2010-03-31":231.15,"2009-03-31":177.01,"2007-03-31":381.31}],["Total Liabilities",{"2008-03-31":754.96,"2016-03-31":3392.97,"2014-03-31":2859.92,"2011-03-31":1768.96,"2015-03-31":3082.62,"2013-03-31":2639.39,"2006-03-31":670.21,"2012-03-31":2329.64,"2017-03-31":4114.17,"2010-03-31":1111.82,"2009-03-31":886.97,"2007-03-31":854.21}],["Fixed Assets",{"2008-03-31":357.58,"2016-03-31":2019.19,"2014-03-31":1895.25,"2011-03-31":1159.45,"2015-03-31":1955.81,"2013-03-31":1847.33,"2006-03-31":365.45,"2012-03-31":1579.59,"2017-03-31":2117.15,"2010-03-31":651.41,"2009-03-31":439.47,"2007-03-31":363.44}],["CWIP",{"2008-03-31":58.97,"2016-03-31":266.92,"2014-03-31":262.34,"2011-03-31":327.21,"2015-03-31":254.1,"2013-03-31":291.29,"2006-03-31":29.91,"2012-03-31":375.13,"2017-03-31":351.79,"2010-03-31":182.62,"2009-03-31":81.63,"2007-03-31":30.99}],["Investments",{"2008-03-31":108.84,"2016-03-31":259.17,"2014-03-31":117.35,"2011-03-31":41.64,"2015-03-31":290.86,"2013-03-31":142.59,"2006-03-31":42.51,"2012-03-31":98.41,"2017-03-31":677.04,"2010-03-31":17.02,"2009-03-31":104.18,"2007-03-31":127.64}],["Other Assets",{"2008-03-31":229.57,"2016-03-31":847.69,"2014-03-31":584.98,"2011-03-31":240.66,"2015-03-31":581.85,"2013-03-31":358.18,"2006-03-31":232.34,"2012-03-31":276.51,"2017-03-31":968.19,"2010-03-31":260.77,"2009-03-31":261.69,"2007-03-31":332.14}],["Total Assets",{"2008-03-31":754.96,"2016-03-31":3392.97,"2014-03-31":2859.92,"2011-03-31":1768.96,"2015-03-31":3082.62,"2013-03-31":2639.39,"2006-03-31":670.21,"2012-03-31":2329.64,"2017-03-31":4114.17,"2010-03-31":1111.82,"2009-03-31":886.97,"2007-03-31":854.21}]],"annual":[["Sales",{"2008-03-31":705.98,"2016-03-31":3685.79,"2014-03-31":3913.79,"2011-03-31":1953.54,"2015-03-31":3680.99,"2013-03-31":3366.99,"2006-03-31":520.88,"2012-03-31":2517.26,"2017-03-31":3814.78,"2010-03-31":1078.12,"2009-03-31":852.77,"2007-03-31":614.1}],["Expenses",{"2008-03-31":404.94,"2016-03-31":2911.05,"2014-03-31":3130.72,"2011-03-31":1458.5,"2015-03-31":2887.33,"2013-03-31":2604.22,"2006-03-31":306.82,"2012-03-31":1883.46,"2017-03-31":2851.03,"2010-03-31":694.34,"2009-03-31":550.43,"2007-03-31":358.1}],["Operating Profit",{"2008-03-31":301.04,"2016-03-31":774.74,"2014-03-31":783.07,"2011-03-31":495.04,"2015-03-31":793.66,"2013-03-31":762.77,"2006-03-31":214.06,"2012-03-31":633.8,"2017-03-31":963.75,"2010-03-31":383.78,"2009-03-31":302.34,"2007-03-31":256.0}],["OPM",{"2008-03-31":42.64,"2016-03-31":21.02,"2014-03-31":20.01,"2011-03-31":25.34,"2015-03-31":21.56,"2013-03-31":22.65,"2006-03-31":41.1,"2012-03-31":25.18,"2017-03-31":25.26,"2010-03-31":35.6,"2009-03-31":35.45,"2007-03-31":41.69}],["Other Income",{"2008-03-31":23.44,"2016-03-31":29.89,"2014-03-31":21.08,"2011-03-31":7.44,"2015-03-31":34.54,"2013-03-31":12.9,"2006-03-31":5.28,"2012-03-31":8.08,"2017-03-31":65.22,"2010-03-31":21.11,"2009-03-31":26.22,"2007-03-31":10.2}],["Interest",{"2008-03-31":1.01,"2016-03-31":9.92,"2014-03-31":44.81,"2011-03-31":13.9,"2015-03-31":30.44,"2013-03-31":60.82,"2006-03-31":2.7,"2012-03-31":48.58,"2017-03-31":1.21,"2010-03-31":3.0,"2009-03-31":2.28,"2007-03-31":0.82}],["Depreciation",{"2008-03-31":62.58,"2016-03-31":156.25,"2014-03-31":219.54,"2011-03-31":102.87,"2015-03-31":148.72,"2013-03-31":186.66,"2006-03-31":56.52,"2012-03-31":143.21,"2017-03-31":167.07,"2010-03-31":77.45,"2009-03-31":67.43,"2007-03-31":59.82}],["Profit before tax",{"2008-03-31":260.89,"2016-03-31":638.46,"2014-03-31":539.8,"2011-03-31":385.71,"2015-03-31":649.04,"2013-03-31":528.19,"2006-03-31":160.12,"2012-03-31":450.09,"2017-03-31":860.69,"2010-03-31":324.44,"2009-03-31":258.85,"2007-03-31":205.56}],["Tax",{"2008-03-31":86.44,"2016-03-31":219.41,"2014-03-31":179.54,"2011-03-31":125.94,"2015-03-31":211.31,"2013-03-31":174.06,"2006-03-31":53.98,"2012-03-31":143.66,"2017-03-31":289.62,"2010-03-31":108.94,"2009-03-31":86.38,"2007-03-31":67.6}],["Net Profit",{"2008-03-31":174.45,"2016-03-31":419.05,"2014-03-31":360.26,"2011-03-31":259.77,"2015-03-31":437.73,"2013-03-31":354.13,"2006-03-31":106.14,"2012-03-31":306.43,"2017-03-31":571.07,"2010-03-31":215.5,"2009-03-31":172.47,"2007-03-31":137.96}],["EPS (unadj)",{"2008-03-31":11.78,"2016-03-31":29.93,"2014-03-31":24.8,"2011-03-31":17.74,"2015-03-31":30.05,"2013-03-31":24.36,"2006-03-31":7.23,"2012-03-31":21.08,"2017-03-31":40.08,"2010-03-31":14.65,"2009-03-31":11.64,"2007-03-31":9.34}],["Dividend Payout",{"2008-03-31":32.1,"2016-03-31":20.05,"2014-03-31":21.37,"2011-03-31":26.95,"2015-03-31":19.19,"2013-03-31":21.74,"2006-03-31":32.98,"2012-03-31":22.84,"2017-03-31":20.84,"2010-03-31":29.23,"2009-03-31":32.47,"2007-03-31":30.44}]],"cashflow":[["Cash from Operating Activity",{"2008-03-31":204.42,"2016-03-31":653.49,"2014-03-31":647.56,"2011-03-31":409.79,"2015-03-31":663.77,"2013-03-31":643.27,"2006-03-31":127.23,"2012-03-31":612.11,"2017-03-31":947.55,"2010-03-31":327.3,"2009-03-31":218.63,"2007-03-31":190.47}],["Cash from Investing Activity",{"2008-03-31":-74.65,"2016-03-31":-174.56,"2014-03-31":-300.43,"2011-03-31":-757.21,"2015-03-31":-363.71,"2013-03-31":-362.2,"2006-03-31":-59.34,"2012-03-31":-605.62,"2017-03-31":-1113.92,"2010-03-31":-373.85,"2009-03-31":-151.49,"2007-03-31":-36.02}],["Cash from Financing Activity",{"2008-03-31":-49.14,"2016-03-31":-256.35,"2014-03-31":-241.14,"2011-03-31":268.06,"2015-03-31":-327.2,"2013-03-31":-217.97,"2006-03-31":-82.09,"2012-03-31":64.96,"2017-03-31":-161.33,"2010-03-31":-65.52,"2009-03-31":-65.52,"2007-03-31":-39.91}],["Net Cash Flow",{"2008-03-31":80.63,"2016-03-31":222.58,"2014-03-31":105.99,"2011-03-31":-79.36,"2015-03-31":-27.14,"2013-03-31":63.1,"2006-03-31":-14.2,"2012-03-31":71.45,"2017-03-31":-327.7,"2010-03-31":-112.07,"2009-03-31":1.62,"2007-03-31":114.54}]],"quarters":[["Sales",{"2016-06-30":899.66,"2016-12-31":946.74,"2017-03-31":1001.89,"2017-06-30":1049.22,"2015-06-30":901.76,"2015-03-31":916.79,"2017-09-30":1126.09,"2015-12-31":929.22,"2016-03-31":885.63,"2017-12-31":1183.9,"2016-09-30":966.49,"2015-09-30":969.18}],["Expenses",{"2016-06-30":645.99,"2016-12-31":705.19,"2017-03-31":789.7,"2017-06-30":771.91,"2015-06-30":697.49,"2015-03-31":740.96,"2017-09-30":844.5,"2015-12-31":735.0,"2016-03-31":688.7,"2017-12-31":920.83,"2016-09-30":727.54,"2015-09-30":770.78}],["Operating Profit",{"2016-06-30":253.67,"2016-12-31":241.55,"2017-03-31":212.19,"2017-06-30":277.31,"2015-06-30":204.27,"2015-03-31":175.83,"2017-09-30":281.59,"2015-12-31":194.22,"2016-03-31":196.93,"2017-12-31":263.07,"2016-09-30":238.95,"2015-09-30":198.4}],["OPM",{"2016-06-30":28.2,"2016-12-31":25.51,"2017-03-31":21.18,"2017-06-30":26.43,"2015-06-30":22.65,"2015-03-31":19.18,"2017-09-30":25.01,"2015-12-31":20.9,"2016-03-31":22.24,"2017-12-31":22.22,"2016-09-30":24.72,"2015-09-30":20.47}],["Other Income",{"2016-06-30":8.03,"2016-12-31":15.24,"2017-03-31":20.88,"2017-06-30":17.88,"2015-06-30":5.58,"2015-03-31":6.83,"2017-09-30":24.97,"2015-12-31":11.21,"2016-03-31":6.55,"2017-12-31":32.55,"2016-09-30":21.08,"2015-09-30":6.55}],["Depreciation",{"2016-06-30":40.33,"2016-12-31":42.14,"2017-03-31":24.37,"2017-06-30":43.9,"2015-06-30":45.98,"2015-03-31":37.37,"2017-09-30":45.02,"2015-12-31":46.05,"2016-03-31":39.75,"2017-12-31":45.33,"2016-09-30":42.09,"2015-09-30":46.45}],["Interest",{"2016-06-30":0.25,"2016-12-31":0.25,"2017-03-31":1.21,"2017-06-30":0.36,"2015-06-30":3.55,"2015-03-31":3.97,"2017-09-30":0.36,"2015-12-31":1.72,"2016-03-31":1.0,"2017-12-31":0.36,"2016-09-30":0.25,"2015-09-30":2.74}],["Profit before tax",{"2016-06-30":221.12,"2016-12-31":214.4,"2017-03-31":207.49,"2017-06-30":250.93,"2015-06-30":160.32,"2015-03-31":141.32,"2017-09-30":261.18,"2015-12-31":157.66,"2016-03-31":162.73,"2017-12-31":249.93,"2016-09-30":217.69,"2015-09-30":155.76}],["Tax",{"2016-06-30":73.11,"2016-12-31":69.59,"2017-03-31":73.42,"2017-06-30":89.67,"2015-06-30":57.81,"2015-03-31":45.44,"2017-09-30":92.31,"2015-12-31":51.81,"2016-03-31":55.09,"2017-12-31":84.01,"2016-09-30":73.51,"2015-09-30":54.13}],["Net Profit",{"2016-06-30":148.01,"2016-12-31":144.81,"2017-03-31":134.07,"2017-06-30":161.26,"2015-06-30":102.51,"2015-03-31":95.88,"2017-09-30":168.87,"2015-12-31":105.85,"2016-03-31":107.64,"2017-12-31":165.92,"2016-09-30":144.18,"2015-09-30":101.63}]]},"bse_code":"532514","short_name":"Indraprastha Gas","nse_code":"IGL","companyrating_set":[{"rating__rating":"[ICRA]AAA(Stable)","instrument":"Bank Loan Rating-Long Term","rating__source":"icra","link":"http://icra.in/search.aspx?word=Indraprastha Gas Ltd"},{"rating__rating":"[ICRA]A1+","instrument":"Bank Loan Rating-Short Term","rating__source":"icra","link":"http://icra.in/search.aspx?word=Indraprastha Gas Ltd"},{"rating__rating":"[ICRA]AAA(Stable)","instrument":"Corporate Debt Rating-Long Term","rating__source":"icra","link":"http://icra.in/search.aspx?word=Indraprastha Gas Ltd"},{"rating__rating":"[ICRA]A1+","instrument":"Corporate Debt Rating-Short Term","rating__source":"icra","link":"http://icra.in/search.aspx?word=Indraprastha Gas Ltd"},{"rating__rating":"IND AAA(exp)","instrument":"Long Term","rating__source":"fitch","link":"http://www.indiaratings.co.in/search/search.jsp?q=Indraprastha Gas Ltd"},{"rating__rating":"IND AAA(Stable)","instrument":"Long Term Rating","rating__source":"fitch","link":"http://www.indiaratings.co.in/search/search.jsp?q=Indraprastha Gas Ltd"},{"rating__rating":"CARE AAA","instrument":"LT InstrumentsBonds","rating__source":"care","link":"http://google.com/search?btnI=1&q=Indraprastha Gas Ltd+site:careratings.com"}],"annualreport_set":[{"source":"bse","report_date":2017,"link":"http://www.bseindia.com/bseplus/AnnualReport/532514/5325140317.pdf"},{"source":"bse","report_date":2016,"link":"http://www.bseindia.com/bseplus/AnnualReport/532514/5325140316.pdf"},{"source":"bse","report_date":2015,"link":"http://www.bseindia.com/bseplus/AnnualReport/532514/5325140315.pdf"},{"source":"bse","report_date":2014,"link":"http://www.bseindia.com/bseplus/AnnualReport/532514/5325140314.pdf"},{"source":"bse","report_date":2013,"link":"http://www.bseindia.com/bseplus/AnnualReport/532514/5325140313.pdf"},{"source":"bse","report_date":2011,"link":"http://www.bseindia.com/bseplus/annualreport/532514/5325140311.pdf"},{"source":"bse","report_date":2010,"link":"http://www.bseindia.com/bseplus/annualreport/532514/5325140310.pdf"},{"source":"nse","report_date":2010,"link":"http://nseindia.com/annual_reports/AR_IGL_2009_2010_21042011101518.zip"}],"announcement_set":[{"ann_date":"06 Apr 2018","announcement":"Announcement under Regulation 30 (LODR)-Analyst / Investor Meet - Intimation","link":"https://www.bseindia.com/corporates/anndet_new.aspx?newsid=49918a89-246f-40c1-b992-15a83d0b0e85"},{"ann_date":"19 Mar 2018","announcement":"Re-Appointment Of Independent Directors","link":"https://www.bseindia.com/corporates/anndet_new.aspx?newsid=59f863c7-d919-42f1-8477-d4fcfa7eaf7d"},{"ann_date":"14 Mar 2018","announcement":"Announcement under Regulation 30 (LODR)-Analyst / Investor Meet - Intimation","link":"https://www.bseindia.com/corporates/anndet_new.aspx?newsid=c8452a25-4a9d-4321-9a56-e2a9a6b304c3"},{"ann_date":"27 Feb 2018","announcement":"Announcement under Regulation 30 (LODR)-Analyst / Investor Meet - Intimation","link":"https://www.bseindia.com/corporates/anndet_new.aspx?newsid=8969a4a2-7f1f-43ce-801d-188cf583a0c8"},{"ann_date":"21 Feb 2018","announcement":"Announcement under Regulation 30 (LODR)-Analyst / Investor Meet - Intimation","link":"https://www.bseindia.com/corporates/anndet_new.aspx?newsid=b78d05b4-b4ea-42ae-9a2a-79cfc52cbbe8"}],"warehouse_set":{"high_price":344.9,"low_price":193.36,"sales_growth":17.91,"current_price":296.65,"dividend_yield":0.57,"face_value":2.0,"id":885,"sales_growth_3years":-0.85,"profit_growth_5years":13.26,"average_return_on_equity_3years":20.52,"book_value":48.89,"status":"Active","pair_url":"/company/IGL/consolidated","sales_growth_10years":20.61,"average_return_on_equity_10years":23.13,"profit_growth":15.69,"market_capitalization":20765.52,"profit_growth_10years":14.05,"price_to_earning":32.95,"industry":"Utilities:Non-Elec.","analysis":{"remarks":[],"bad":["The company has delivered a poor growth of 8.67% over past five years."],"good":["Company is virtually debt free.","Company has been maintaining a healthy dividend payout of 20.10%"]},"result_type":"sa","profit_growth_3years":16.61,"sales_growth_5years":8.67,"return_on_equity":20.99,"average_return_on_equity_5years":21.55},"id":1471,"name":"Indraprastha Gas Ltd"}
