{"prime":"con","number_set":{"balancesheet":[["Share Capital",{"2008-03-31":60.29,"2016-03-31":98.93,"2014-03-31":80.75,"2011-03-31":75.95,"2015-03-31":80.75,"2013-03-31":80.75,"2006-03-31":56.67,"2012-03-31":75.95,"2017-03-31":98.93,"2010-03-31":72.35,"2009-03-31":72.34,"2007-03-31":60.29}],["Reserves",{"2008-03-31":1956.29,"2016-03-31":2276.65,"2014-03-31":2613.09,"2011-03-31":3028.59,"2015-03-31":2534.4,"2013-03-31":3226.9,"2006-03-31":1657.83,"2012-03-31":3176.7,"2017-03-31":2516.97,"2010-03-31":2616.87,"2009-03-31":2975.29,"2007-03-31":1738.39}],["Borrowings",{"2008-03-31":1157.81,"2016-03-31":2157.65,"2014-03-31":2690.6,"2011-03-31":2361.48,"2015-03-31":3208.99,"2013-03-31":2522.27,"2006-03-31":580.72,"2012-03-31":2679.38,"2017-03-31":2048.98,"2010-03-31":2672.24,"2009-03-31":1790.0,"2007-03-31":957.18}],["Other Liabilities",{"2008-03-31":619.81,"2016-03-31":1650.06,"2014-03-31":1544.83,"2011-03-31":1446.49,"2015-03-31":1584.61,"2013-03-31":1575.46,"2006-03-31":450.24,"2012-03-31":1604.76,"2017-03-31":1584.03,"2010-03-31":1269.18,"2009-03-31":640.76,"2007-03-31":600.39}],["Total Liabilities",{"2008-03-31":3794.2,"2016-03-31":6183.29,"2014-03-31":6929.27,"2011-03-31":6912.51,"2015-03-31":7408.75,"2013-03-31":7405.38,"2006-03-31":2745.46,"2012-03-31":7536.79,"2017-03-31":6248.91,"2010-03-31":6630.64,"2009-03-31":5478.39,"2007-03-31":3354.63}],["Fixed Assets",{"2008-03-31":1369.12,"2016-03-31":2142.27,"2014-03-31":1697.41,"2011-03-31":1725.74,"2015-03-31":2011.8,"2013-03-31":1756.46,"2006-03-31":843.01,"2012-03-31":1838.75,"2017-03-31":2186.69,"2010-03-31":1561.26,"2009-03-31":1585.4,"2007-03-31":1360.05}],["CWIP",{"2008-03-31":267.93,"2016-03-31":55.58,"2014-03-31":431.88,"2011-03-31":336.06,"2015-03-31":141.86,"2013-03-31":309.23,"2006-03-31":48.96,"2012-03-31":229.61,"2017-03-31":107.91,"2010-03-31":370.12,"2009-03-31":215.1,"2007-03-31":111.52}],["Investments",{"2008-03-31":1563.13,"2016-03-31":1954.71,"2014-03-31":2761.64,"2011-03-31":3026.78,"2015-03-31":2977.96,"2013-03-31":3369.14,"2006-03-31":1042.26,"2012-03-31":3622.19,"2017-03-31":2928.19,"2010-03-31":3458.44,"2009-03-31":2704.66,"2007-03-31":1366.71}],["Other Assets",{"2008-03-31":594.02,"2016-03-31":2030.73,"2014-03-31":2038.34,"2011-03-31":1823.93,"2015-03-31":2277.13,"2013-03-31":1970.55,"2006-03-31":811.23,"2012-03-31":1846.24,"2017-03-31":1026.12,"2010-03-31":1240.82,"2009-03-31":973.23,"2007-03-31":516.35}],["Total Assets",{"2008-03-31":3794.2,"2016-03-31":6183.29,"2014-03-31":6929.27,"2011-03-31":6912.51,"2015-03-31":7408.75,"2013-03-31":7405.38,"2006-03-31":2745.46,"2012-03-31":7536.79,"2017-03-31":6248.91,"2010-03-31":6630.64,"2009-03-31":5478.39,"2007-03-31":3354.63}]],"annual":[["Sales",{"2008-03-31":1764.51,"2016-03-31":2267.85,"2014-03-31":1929.51,"2011-03-31":1673.45,"2015-03-31":2024.38,"2013-03-31":1875.86,"2006-03-31":1116.15,"2012-03-31":1807.73,"2017-03-31":2391.25,"2010-03-31":1473.29,"2009-03-31":1619.57,"2007-03-31":1540.86}],["Expenses",{"2008-03-31":null,"2016-03-31":1845.89,"2014-03-31":2277.15,"2011-03-31":1276.44,"2015-03-31":1905.97,"2013-03-31":1904.36,"2006-03-31":null,"2012-03-31":1419.28,"2017-03-31":1934.95,"2010-03-31":1102.44,"2009-03-31":1174.55,"2007-03-31":null}],["Operating Profit",{"2008-03-31":null,"2016-03-31":421.96,"2014-03-31":-347.64,"2011-03-31":397.01,"2015-03-31":118.41,"2013-03-31":-28.5,"2006-03-31":null,"2012-03-31":388.45,"2017-03-31":456.3,"2010-03-31":370.85,"2009-03-31":445.02,"2007-03-31":null}],["OPM",{"2008-03-31":null,"2016-03-31":18.61,"2014-03-31":-18.02,"2011-03-31":23.72,"2015-03-31":5.85,"2013-03-31":-1.52,"2006-03-31":null,"2012-03-31":21.49,"2017-03-31":19.08,"2010-03-31":25.17,"2009-03-31":27.48,"2007-03-31":null}],["Other Income",{"2008-03-31":65.67,"2016-03-31":99.73,"2014-03-31":47.82,"2011-03-31":91.69,"2015-03-31":90.78,"2013-03-31":48.93,"2006-03-31":62.49,"2012-03-31":103.48,"2017-03-31":151.7,"2010-03-31":119.1,"2009-03-31":121.29,"2007-03-31":102.64}],["Interest",{"2008-03-31":101.3,"2016-03-31":242.78,"2014-03-31":98.82,"2011-03-31":158.85,"2015-03-31":89.46,"2013-03-31":105.2,"2006-03-31":43.73,"2012-03-31":148.11,"2017-03-31":197.86,"2010-03-31":177.02,"2009-03-31":120.96,"2007-03-31":98.08}],["Depreciation",{"2008-03-31":85.48,"2016-03-31":126.02,"2014-03-31":122.26,"2011-03-31":108.4,"2015-03-31":117.85,"2013-03-31":125.02,"2006-03-31":65.9,"2012-03-31":113.9,"2017-03-31":151.29,"2010-03-31":104.14,"2009-03-31":94.46,"2007-03-31":91.44}],["Profit before tax",{"2008-03-31":579.57,"2016-03-31":152.89,"2014-03-31":-520.9,"2011-03-31":221.45,"2015-03-31":1.88,"2013-03-31":-209.79,"2006-03-31":271.4,"2012-03-31":229.92,"2017-03-31":258.85,"2010-03-31":217.25,"2009-03-31":361.3,"2007-03-31":473.74}],["Tax",{"2008-03-31":202.11,"2016-03-31":68.74,"2014-03-31":69.59,"2011-03-31":80.2,"2015-03-31":83.9,"2013-03-31":66.82,"2006-03-31":87.62,"2012-03-31":84.57,"2017-03-31":116.91,"2010-03-31":64.15,"2009-03-31":127.27,"2007-03-31":151.35}],["Net Profit",{"2008-03-31":377.46,"2016-03-31":84.15,"2014-03-31":-590.49,"2011-03-31":141.25,"2015-03-31":-82.02,"2013-03-31":-276.61,"2006-03-31":183.78,"2012-03-31":145.35,"2017-03-31":141.94,"2010-03-31":153.1,"2009-03-31":234.03,"2007-03-31":322.39}],["EPS (unadj)",{"2008-03-31":5.94,"2016-03-31":0.85,"2014-03-31":0.0,"2011-03-31":1.7,"2015-03-31":0.0,"2013-03-31":0.0,"2006-03-31":30.5,"2012-03-31":1.75,"2017-03-31":1.43,"2010-03-31":1.96,"2009-03-31":3.03,"2007-03-31":5.22}],["Dividend Payout",{"2008-03-31":30.35,"2016-03-31":35.27,"2014-03-31":-0.0,"2011-03-31":53.77,"2015-03-31":-0.0,"2013-03-31":-23.35,"2006-03-31":40.08,"2012-03-31":52.25,"2017-03-31":24.39,"2010-03-31":47.26,"2009-03-31":37.09,"2007-03-31":29.11}]],"cashflow":[["Cash from Operating Activity",{"2008-03-31":522.96,"2016-03-31":469.35,"2014-03-31":367.86,"2011-03-31":466.39,"2015-03-31":400.55,"2013-03-31":332.02,"2006-03-31":238.66,"2012-03-31":448.62,"2017-03-31":457.15,"2010-03-31":450.62,"2009-03-31":293.06,"2007-03-31":520.49}],["Cash from Investing Activity",{"2008-03-31":-541.57,"2016-03-31":311.3,"2014-03-31":-180.62,"2011-03-31":-762.07,"2015-03-31":-418.96,"2013-03-31":-233.81,"2006-03-31":-9.52,"2012-03-31":-468.09,"2017-03-31":-97.08,"2010-03-31":-649.9,"2009-03-31":-1105.74,"2007-03-31":-319.05}],["Cash from Financing Activity",{"2008-03-31":24.29,"2016-03-31":-1042.97,"2014-03-31":-183.79,"2011-03-31":-61.16,"2015-03-31":261.96,"2013-03-31":-86.27,"2006-03-31":-160.21,"2012-03-31":-47.93,"2017-03-31":-367.12,"2010-03-31":622.96,"2009-03-31":1183.84,"2007-03-31":-260.3}],["Net Cash Flow",{"2008-03-31":5.68,"2016-03-31":-262.32,"2014-03-31":3.45,"2011-03-31":-356.84,"2015-03-31":243.55,"2013-03-31":11.94,"2006-03-31":68.93,"2012-03-31":-67.4,"2017-03-31":-7.05,"2010-03-31":423.68,"2009-03-31":371.16,"2007-03-31":-58.86}]],"quarters":[["Sales",{"2016-06-30":474.47,"2016-12-31":698.43,"2017-03-31":707.03,"2017-06-30":527.71,"2015-06-30":446.1,"2015-03-31":610.77,"2017-09-30":510.04,"2015-12-31":663.4,"2016-03-31":685.88,"2017-12-31":759.99,"2016-09-30":516.44,"2015-09-30":472.18}],["Expenses",{"2016-06-30":435.39,"2016-12-31":489.11,"2017-03-31":584.93,"2017-06-30":457.48,"2015-06-30":420.13,"2015-03-31":660.88,"2017-09-30":478.42,"2015-12-31":485.56,"2016-03-31":508.64,"2017-12-31":529.47,"2016-09-30":464.54,"2015-09-30":460.8}],["Operating Profit",{"2016-06-30":39.08,"2016-12-31":209.32,"2017-03-31":122.1,"2017-06-30":70.23,"2015-06-30":25.97,"2015-03-31":-50.11,"2017-09-30":31.62,"2015-12-31":177.84,"2016-03-31":177.24,"2017-12-31":230.52,"2016-09-30":51.9,"2015-09-30":11.38}],["OPM",{"2016-06-30":8.24,"2016-12-31":29.97,"2017-03-31":17.27,"2017-06-30":13.31,"2015-06-30":5.82,"2015-03-31":-8.2,"2017-09-30":6.2,"2015-12-31":26.81,"2016-03-31":25.84,"2017-12-31":30.33,"2016-09-30":10.05,"2015-09-30":2.41}],["Other Income",{"2016-06-30":28.6,"2016-12-31":17.59,"2017-03-31":66.6,"2017-06-30":22.96,"2015-06-30":39.53,"2015-03-31":28.66,"2017-09-30":15.41,"2015-12-31":23.1,"2016-03-31":23.47,"2017-12-31":34.01,"2016-09-30":72.78,"2015-09-30":52.99}],["Depreciation",{"2016-06-30":34.13,"2016-12-31":37.1,"2017-03-31":46.08,"2017-06-30":36.52,"2015-06-30":29.77,"2015-03-31":29.19,"2017-09-30":35.97,"2015-12-31":30.94,"2016-03-31":35.7,"2017-12-31":38.61,"2016-09-30":33.98,"2015-09-30":29.6}],["Interest",{"2016-06-30":47.26,"2016-12-31":49.46,"2017-03-31":53.27,"2017-06-30":43.06,"2015-06-30":46.69,"2015-03-31":19.77,"2017-09-30":50.62,"2015-12-31":61.66,"2016-03-31":56.31,"2017-12-31":57.66,"2016-09-30":47.87,"2015-09-30":48.79}],["Profit before tax",{"2016-06-30":-13.71,"2016-12-31":140.35,"2017-03-31":89.35,"2017-06-30":13.61,"2015-06-30":-10.96,"2015-03-31":-70.41,"2017-09-30":-39.56,"2015-12-31":108.34,"2016-03-31":108.7,"2017-12-31":168.26,"2016-09-30":42.83,"2015-09-30":-14.02}],["Tax",{"2016-06-30":-4.71,"2016-12-31":48.24,"2017-03-31":58.19,"2017-06-30":6.75,"2015-06-30":-6.15,"2015-03-31":48.74,"2017-09-30":-19.18,"2015-12-31":41.57,"2016-03-31":40.13,"2017-12-31":75.89,"2016-09-30":15.18,"2015-09-30":-6.9}],["Net Profit",{"2016-06-30":-9.0,"2016-12-31":92.11,"2017-03-31":31.16,"2017-06-30":6.86,"2015-06-30":-4.81,"2015-03-31":-119.15,"2017-09-30":-20.38,"2015-12-31":58.22,"2016-03-31":68.57,"2017-12-31":92.37,"2016-09-30":27.65,"2015-09-30":-7.12}]]},"bse_code":"500850","short_name":"Indian Hotels","nse_code":"INDHOTEL","companyrating_set":[],"annualreport_set":[{"source":"bse","report_date":2017,"link":"http://www.bseindia.com/bseplus/AnnualReport/500850/5008500317.pdf"},{"source":"bse","report_date":2016,"link":"http://www.bseindia.com/bseplus/AnnualReport/500850/5008500316.pdf"},{"source":"bse","report_date":2015,"link":"http://www.bseindia.com/bseplus/AnnualReport/500850/5008500315.pdf"},{"source":"bse","report_date":2014,"link":"http://www.bseindia.com/bseplus/AnnualReport/500850/5008500314.pdf"},{"source":"bse","report_date":2013,"link":"http://www.bseindia.com/bseplus/annualreport/500850/5008500313.pdf"},{"source":"bse","report_date":2012,"link":"http://www.bseindia.com/bseplus/annualreport/500850/5008500312.PDF"},{"source":"bse","report_date":2011,"link":"http://www.bseindia.com/bseplus/annualreport/500850/5008500311.pdf"},{"source":"nse","report_date":2011,"link":"http://nseindia.com/annual_reports/AR_INDHOTEL_2010_2011_11102011072211.zip"},{"source":"bse","report_date":2010,"link":"http://www.bseindia.com/bseplus/annualreport/500850/5008500310.pdf"},{"source":"nse","report_date":2010,"link":"http://nseindia.com/annual_reports/AR_INDHOTEL_2009_2010_01072011105555.zip"}],"announcement_set":[{"ann_date":"04 Apr 2018","announcement":"Amendment To Management Services Agreement","link":"https://www.bseindia.com/corporates/anndet_new.aspx?newsid=9873412f-61dd-4de3-96de-37537abe5c36"},{"ann_date":"04 Apr 2018","announcement":"Announcement under Regulation 30 (LODR)-Analyst / Investor Meet - Intimation","link":"https://www.bseindia.com/corporates/anndet_new.aspx?newsid=b7adf7d5-25a6-42f7-a24f-17eed0d4de57"},{"ann_date":"29 Mar 2018","announcement":"Announcement under Regulation 30 (LODR)-Analyst / Investor Meet - Intimation","link":"https://www.bseindia.com/corporates/anndet_new.aspx?newsid=a96e6831-97f1-4378-b70e-5c4eb0445d10"},{"ann_date":"13 Mar 2018","announcement":"Announcement under Regulation 30 (LODR)-Analyst / Investor Meet - Intimation","link":"https://www.bseindia.com/corporates/anndet_new.aspx?newsid=541620fd-77d4-4685-a9b2-321c1ac3d0da"},{"ann_date":"01 Mar 2018","announcement":"Announcement under Regulation 30 (LODR)-Analyst / Investor Meet - Outcome","link":"https://www.bseindia.com/corporates/anndet_new.aspx?newsid=50a345e4-ca4d-4990-9239-f6e3d95da64e"}],"warehouse_set":{"high_price":160.95,"low_price":101.4,"sales_growth":5.45,"current_price":135.55,"dividend_yield":0.21,"face_value":1.0,"id":3281,"sales_growth_3years":7.41,"profit_growth_5years":-10.68,"average_return_on_equity_3years":2.55,"book_value":22.66,"status":"Active","pair_url":"/company/INDHOTEL/consolidated","sales_growth_10years":3.43,"average_return_on_equity_10years":5.13,"profit_growth":-38.65,"market_capitalization":16120.4,"profit_growth_10years":-15.13,"price_to_earning":118.86,"industry":"Hotels","analysis":{"remarks":[],"bad":["Stock is trading at 5.98 times its book value","The company has delivered a poor growth of 5.75% over past five years.","Company has a low return on equity of 2.55% for last 3 years."],"good":["Company has been maintaining a healthy dividend payout of 20.87%"]},"result_type":"sa","profit_growth_3years":4.81,"sales_growth_5years":5.75,"return_on_equity":3.39,"average_return_on_equity_5years":2.49},"id":1443,"name":"Indian Hotels Co Ltd"}
