{"prime":"sa","number_set":{"balancesheet":[["Share Capital",{"2008-03-31":189.77,"2014-03-31":34.37,"2011-03-31":34.37,"2015-03-31":34.37,"2013-03-31":34.37,"2012-03-31":34.37,"2017-03-31":361.47,"2010-03-31":189.77,"2016-03-31":360.36,"2007-03-31":103.24}],["Reserves",{"2008-03-31":-448.59,"2014-03-31":373.26,"2011-03-31":68.37,"2015-03-31":386.32,"2013-03-31":498.02,"2012-03-31":348.31,"2017-03-31":3417.75,"2010-03-31":98.38,"2016-03-31":2362.83,"2007-03-31":-215.07}],["Borrowings",{"2008-03-31":165.0,"2014-03-31":3346.24,"2011-03-31":931.37,"2015-03-31":3926.16,"2013-03-31":1800.42,"2012-03-31":1015.57,"2017-03-31":2596.18,"2010-03-31":968.79,"2016-03-31":3244.63,"2007-03-31":188.37}],["Other Liabilities",{"2008-03-31":791.66,"2014-03-31":5536.88,"2011-03-31":1889.01,"2015-03-31":6492.3,"2013-03-31":3692.35,"2012-03-31":2418.98,"2017-03-31":9457.06,"2010-03-31":1144.19,"2016-03-31":7184.41,"2007-03-31":378.29}],["Total Liabilities",{"2008-03-31":538.77,"2014-03-31":9287.08,"2011-03-31":2919.45,"2015-03-31":10835.48,"2013-03-31":6021.49,"2012-03-31":3813.56,"2017-03-31":15832.46,"2010-03-31":2242.06,"2016-03-31":13152.23,"2007-03-31":381.59}],["Fixed Assets",{"2008-03-31":46.47,"2014-03-31":3955.97,"2011-03-31":831.14,"2015-03-31":4876.04,"2013-03-31":1764.46,"2012-03-31":886.01,"2017-03-31":3793.84,"2010-03-31":836.3,"2016-03-31":4747.41,"2007-03-31":40.58}],["CWIP",{"2008-03-31":3.22,"2014-03-31":0.0,"2011-03-31":0.0,"2015-03-31":0.45,"2013-03-31":6.85,"2012-03-31":0.0,"2017-03-31":25.19,"2010-03-31":0.0,"2016-03-31":31.97,"2007-03-31":0.2}],["Investments",{"2008-03-31":0.0,"2014-03-31":1271.53,"2011-03-31":802.24,"2015-03-31":516.8,"2013-03-31":1138.38,"2012-03-31":523.42,"2017-03-31":3713.44,"2010-03-31":657.09,"2016-03-31":986.16,"2007-03-31":10.43}],["Other Assets",{"2008-03-31":489.08,"2014-03-31":4059.58,"2011-03-31":1286.07,"2015-03-31":5442.19,"2013-03-31":3111.8,"2012-03-31":2404.13,"2017-03-31":8299.99,"2010-03-31":748.67,"2016-03-31":7386.69,"2007-03-31":330.38}],["Total Assets",{"2008-03-31":538.77,"2014-03-31":9287.08,"2011-03-31":2919.45,"2015-03-31":10835.48,"2013-03-31":6021.49,"2012-03-31":3813.56,"2017-03-31":15832.46,"2010-03-31":2242.06,"2016-03-31":13152.23,"2007-03-31":381.59}]],"annual":[["Sales",{"2008-03-31":1132.83,"2014-03-31":11116.58,"2011-03-31":3833.42,"2015-03-31":13925.34,"2013-03-31":9203.08,"2012-03-31":5564.66,"2017-03-31":18580.5,"2010-03-31":2605.48,"2016-03-31":16139.91,"2007-03-31":216.28}],["Expenses",{"2008-03-31":null,"2014-03-31":10608.25,"2011-03-31":3321.25,"2015-03-31":12021.54,"2013-03-31":8306.88,"2012-03-31":5528.17,"2017-03-31":16361.82,"2010-03-31":2037.46,"2016-03-31":12975.79,"2007-03-31":null}],["Operating Profit",{"2008-03-31":null,"2014-03-31":508.33,"2011-03-31":512.17,"2015-03-31":1903.8,"2013-03-31":896.2,"2012-03-31":36.49,"2017-03-31":2218.68,"2010-03-31":568.02,"2016-03-31":3164.12,"2007-03-31":null}],["OPM",{"2008-03-31":null,"2014-03-31":4.57,"2011-03-31":13.36,"2015-03-31":13.67,"2013-03-31":9.74,"2012-03-31":0.66,"2017-03-31":11.94,"2010-03-31":21.8,"2016-03-31":19.6,"2007-03-31":null}],["Other Income",{"2008-03-31":15.37,"2014-03-31":315.53,"2011-03-31":110.74,"2015-03-31":394.58,"2013-03-31":255.23,"2012-03-31":153.41,"2017-03-31":789.07,"2010-03-31":62.19,"2016-03-31":515.12,"2007-03-31":3.37}],["Interest",{"2008-03-31":36.28,"2014-03-31":122.58,"2011-03-31":44.99,"2015-03-31":149.65,"2013-03-31":72.58,"2012-03-31":59.49,"2017-03-31":406.15,"2010-03-31":50.59,"2016-03-31":350.26,"2007-03-31":30.58}],["Depreciation",{"2008-03-31":14.82,"2014-03-31":226.01,"2011-03-31":62.87,"2015-03-31":302.21,"2013-03-31":85.62,"2012-03-31":66.52,"2017-03-31":457.25,"2010-03-31":46.0,"2016-03-31":505.47,"2007-03-31":7.65}],["Profit before tax",{"2008-03-31":-233.2,"2014-03-31":475.3,"2011-03-31":515.04,"2015-03-31":1846.53,"2013-03-31":993.22,"2012-03-31":63.91,"2017-03-31":2144.34,"2010-03-31":533.62,"2016-03-31":2823.51,"2007-03-31":-201.21}],["Tax",{"2008-03-31":1.55,"2014-03-31":0.86,"2011-03-31":-135.29,"2015-03-31":542.35,"2013-03-31":205.88,"2012-03-31":-63.97,"2017-03-31":485.15,"2010-03-31":-17.07,"2016-03-31":837.34,"2007-03-31":0.58}],["Net Profit",{"2008-03-31":-234.75,"2014-03-31":474.44,"2011-03-31":650.33,"2015-03-31":1304.17,"2013-03-31":787.35,"2012-03-31":127.88,"2017-03-31":1659.19,"2010-03-31":550.7,"2016-03-31":1986.16,"2007-03-31":-201.79}],["EPS (unadj)",{"2008-03-31":0.0,"2014-03-31":13363.88,"2011-03-31":18590.52,"2015-03-31":35594.59,"2013-03-31":22747.36,"2012-03-31":4165.34,"2017-03-31":42.85,"2010-03-31":17936.97,"2016-03-31":48.89,"2007-03-31":0.0}],["Dividend Payout",{"2008-03-31":-0.0,"2014-03-31":79.58,"2011-03-31":75.39,"2015-03-31":82.79,"2013-03-31":69.68,"2012-03-31":0.0,"2017-03-31":74.07,"2010-03-31":0.0,"2016-03-31":27.22,"2007-03-31":-0.0}]],"cashflow":[["Cash from Operating Activity",{"2008-03-31":null,"2014-03-31":1595.03,"2011-03-31":871.98,"2015-03-31":2383.88,"2013-03-31":1740.69,"2012-03-31":896.11,"2017-03-31":3782.07,"2010-03-31":652.34,"2016-03-31":3115.72,"2007-03-31":null}],["Cash from Investing Activity",{"2008-03-31":null,"2014-03-31":-2913.78,"2011-03-31":-608.34,"2015-03-31":-939.67,"2013-03-31":-1889.69,"2012-03-31":-46.65,"2017-03-31":-3033.12,"2010-03-31":-1266.31,"2016-03-31":-1337.14,"2007-03-31":null}],["Cash from Financing Activity",{"2008-03-31":null,"2014-03-31":1284.84,"2011-03-31":-272.07,"2015-03-31":-1308.11,"2013-03-31":36.08,"2012-03-31":-637.6,"2017-03-31":-1401.21,"2010-03-31":594.64,"2016-03-31":-1219.96,"2007-03-31":null}],["Net Cash Flow",{"2008-03-31":null,"2014-03-31":-33.91,"2011-03-31":-8.43,"2015-03-31":136.11,"2013-03-31":-112.92,"2012-03-31":211.86,"2017-03-31":-652.26,"2010-03-31":-19.33,"2016-03-31":558.62,"2007-03-31":null}]],"quarters":[["Sales",{"2016-06-30":4578.85,"2016-12-31":4986.5,"2017-03-31":4848.22,"2017-06-30":5752.91,"2015-06-30":4211.54,"2015-03-31":3823.27,"2017-09-30":5290.98,"2015-12-31":4297.76,"2016-03-31":4090.68,"2017-12-31":6177.88,"2016-09-30":4166.93,"2015-09-30":3539.93}],["Expenses",{"2016-06-30":3763.63,"2016-12-31":4362.04,"2017-03-31":4340.22,"2017-06-30":4655.9,"2015-06-30":3207.03,"2015-03-31":2967.9,"2017-09-30":4552.83,"2015-12-31":3284.11,"2016-03-31":3261.03,"2017-12-31":5186.38,"2016-09-30":3971.31,"2015-09-30":3269.78}],["Operating Profit",{"2016-06-30":815.22,"2016-12-31":624.46,"2017-03-31":508.0,"2017-06-30":1097.01,"2015-06-30":1004.51,"2015-03-31":855.37,"2017-09-30":738.15,"2015-12-31":1013.65,"2016-03-31":829.65,"2017-12-31":991.5,"2016-09-30":195.62,"2015-09-30":270.15}],["OPM",{"2016-06-30":17.8,"2016-12-31":12.52,"2017-03-31":10.48,"2017-06-30":19.07,"2015-06-30":23.85,"2015-03-31":22.37,"2017-09-30":13.95,"2015-12-31":23.59,"2016-03-31":20.28,"2017-12-31":16.05,"2016-09-30":4.69,"2015-09-30":7.63}],["Other Income",{"2016-06-30":162.61,"2016-12-31":171.93,"2017-03-31":293.77,"2017-06-30":202.64,"2015-06-30":110.71,"2015-03-31":127.77,"2017-09-30":214.58,"2015-12-31":120.36,"2016-03-31":185.2,"2017-12-31":271.91,"2016-09-30":160.76,"2015-09-30":98.86}],["Depreciation",{"2016-06-30":114.82,"2016-12-31":118.39,"2017-03-31":105.17,"2017-06-30":98.34,"2015-06-30":120.35,"2015-03-31":81.9,"2017-09-30":102.53,"2015-12-31":131.56,"2016-03-31":124.9,"2017-12-31":107.38,"2016-09-30":118.87,"2015-09-30":128.66}],["Interest",{"2016-06-30":116.31,"2016-12-31":75.86,"2017-03-31":77.65,"2017-06-30":76.98,"2015-06-30":71.96,"2015-03-31":24.42,"2017-09-30":85.67,"2015-12-31":80.17,"2016-03-31":72.27,"2017-12-31":84.44,"2016-09-30":60.96,"2015-09-30":79.72}],["Profit before tax",{"2016-06-30":746.7,"2016-12-31":602.14,"2017-03-31":618.95,"2017-06-30":1124.34,"2015-06-30":922.92,"2015-03-31":876.82,"2017-09-30":764.53,"2015-12-31":922.28,"2016-03-31":817.68,"2017-12-31":1071.59,"2016-09-30":176.55,"2015-09-30":160.63}],["Tax",{"2016-06-30":154.92,"2016-12-31":114.88,"2017-03-31":178.65,"2017-06-30":313.19,"2015-06-30":284.02,"2015-03-31":299.49,"2017-09-30":212.98,"2015-12-31":271.94,"2016-03-31":233.9,"2017-12-31":309.57,"2016-09-30":36.71,"2015-09-30":47.49}],["Net Profit",{"2016-06-30":591.77,"2016-12-31":487.26,"2017-03-31":440.31,"2017-06-30":811.15,"2015-06-30":638.9,"2015-03-31":577.33,"2017-09-30":551.56,"2015-12-31":650.34,"2016-03-31":583.78,"2017-12-31":762.03,"2016-09-30":139.85,"2015-09-30":113.13}]]},"bse_code":"539448","short_name":"Interglobe Aviat","nse_code":"INDIGO","companyrating_set":[],"annualreport_set":[{"source":"bse","report_date":2017,"link":"http://www.bseindia.com/bseplus/AnnualReport/539448/5394480317.pdf"},{"source":"bse","report_date":2016,"link":"http://www.bseindia.com/bseplus/AnnualReport/539448/5394480316.pdf"}],"announcement_set":[{"ann_date":"05 Apr 2018","announcement":"Disclosure Under Regulation 30 Of SEBI (LODR) Regulations, 201S","link":"https://www.bseindia.com/corporates/anndet_new.aspx?newsid=5681404e-ea8e-46d7-abac-9348e4273358"},{"ann_date":"05 Apr 2018","announcement":"InterGlobe Aviation Ltd reply to clarification sought by the exchange","link":"https://www.bseindia.com/corporates/anndet_new.aspx?newsid=ef046e6e-f573-4cb1-96b4-87277deb3201"},{"ann_date":"04 Apr 2018","announcement":"Clarification sought from InterGlobe Aviation Ltd","link":"https://www.bseindia.com/corporates/anndet_new.aspx?newsid=058526a1-0f35-4d32-9552-0c501905555b"},{"ann_date":"21 Mar 2018","announcement":"InterGlobe Aviation Ltd reply to clarification sought by the exchange","link":"https://www.bseindia.com/corporates/anndet_new.aspx?newsid=ca799700-1651-475e-bc9a-a9758acbc8ec"},{"ann_date":"20 Mar 2018","announcement":"Clarification sought from InterGlobe Aviation Ltd","link":"https://www.bseindia.com/corporates/anndet_new.aspx?newsid=4bb49b52-0ab9-4e65-8cfd-c3599f1f903e"}],"warehouse_set":{"high_price":1470.6,"low_price":1004.0,"sales_growth":23.83,"current_price":1458.5,"dividend_yield":2.19,"face_value":10.0,"id":7228792,"sales_growth_3years":18.67,"profit_growth_5years":67.21,"average_return_on_equity_3years":92.43,"book_value":153.59,"status":"Active","pair_url":"/company/INDIGO/consolidated","sales_growth_10years":64.01,"profit_growth":42.29,"market_capitalization":56065.74,"price_to_earning":21.86,"industry":"Airlines","analysis":{"remarks":["Return on equity is exceptional"],"bad":["Stock is trading at 9.50 times its book value"],"good":["Promoter's stake has increased","Company has good consistent profit growth of 67.21% over 5 years","Company has a good return on equity (ROE) track record: 3 Years ROE 92.43%"," ","Company has been maintaining a healthy dividend payout of 57.57%"]},"result_type":"sa","profit_growth_3years":56.19,"sales_growth_5years":27.27,"return_on_equity":46.78,"average_return_on_equity_5years":96.93},"id":1273121,"name":"Interglobe Aviation Ltd"}
