{"prime":"sa","number_set":{"balancesheet":[["Share Capital",{"2008-03-31":829.77,"2016-03-31":480.29,"2014-03-31":464.85,"2011-03-31":829.77,"2015-03-31":480.29,"2013-03-31":829.77,"2006-03-31":743.82,"2012-03-31":829.77,"2017-03-31":480.29,"2010-03-31":829.77,"2009-03-31":829.77,"2007-03-31":829.77}],["Reserves",{"2008-03-31":4115.49,"2016-03-31":12998.06,"2014-03-31":11070.73,"2011-03-31":7496.77,"2015-03-31":12339.66,"2013-03-31":10009.07,"2006-03-31":1523.87,"2012-03-31":8807.64,"2017-03-31":13981.3,"2010-03-31":6217.25,"2009-03-31":5050.53,"2007-03-31":2791.55}],["Borrowings",{"2008-03-31":62329.19,"2016-03-31":181795.16,"2014-03-31":167238.69,"2011-03-31":107904.55,"2015-03-31":171871.36,"2013-03-31":144842.72,"2006-03-31":42692.81,"2012-03-31":125676.66,"2017-03-31":195146.17,"2010-03-31":89185.02,"2009-03-31":73412.61,"2007-03-31":49027.36}],["Other Liabilities",{"2008-03-31":3633.24,"2016-03-31":8436.88,"2014-03-31":8451.95,"2011-03-31":5887.21,"2015-03-31":8144.67,"2013-03-31":7541.04,"2006-03-31":2674.77,"2012-03-31":6505.13,"2017-03-31":8625.39,"2010-03-31":5557.28,"2009-03-31":5160.92,"2007-03-31":3899.97}],["Total Liabilities",{"2008-03-31":70507.69,"2016-03-31":203710.39,"2014-03-31":187226.22,"2011-03-31":121718.3,"2015-03-31":192835.98,"2013-03-31":162822.6,"2006-03-31":47635.27,"2012-03-31":141419.2,"2017-03-31":218233.15,"2010-03-31":101389.32,"2009-03-31":84053.83,"2007-03-31":56148.65}],["Fixed Assets",{"2008-03-31":533.86,"2016-03-31":3503.17,"2014-03-31":2929.4,"2011-03-31":1550.73,"2015-03-31":2963.49,"2013-03-31":1689.99,"2006-03-31":512.77,"2012-03-31":1625.42,"2017-03-31":3431.97,"2010-03-31":1557.55,"2009-03-31":1589.65,"2007-03-31":549.85}],["CWIP",{"2008-03-31":5.41,"2016-03-31":7.9,"2014-03-31":2.78,"2011-03-31":55.31,"2015-03-31":5.24,"2013-03-31":0.52,"2006-03-31":5.98,"2012-03-31":5.27,"2017-03-31":10.64,"2010-03-31":22.0,"2009-03-31":4.57,"2007-03-31":1.33}],["Investments",{"2008-03-31":21915.07,"2016-03-31":53089.31,"2014-03-31":46809.94,"2011-03-31":34783.76,"2015-03-31":45728.32,"2013-03-31":41804.98,"2006-03-31":19017.0,"2012-03-31":37976.03,"2017-03-31":67551.79,"2010-03-31":28268.33,"2009-03-31":22800.57,"2007-03-31":20877.73}],["Other Assets",{"2008-03-31":48053.35,"2016-03-31":147110.01,"2014-03-31":137484.1,"2011-03-31":85328.5,"2015-03-31":144138.93,"2013-03-31":119327.11,"2006-03-31":28099.52,"2012-03-31":101812.48,"2017-03-31":147238.75,"2010-03-31":71541.44,"2009-03-31":59659.04,"2007-03-31":34719.74}],["Total Assets",{"2008-03-31":70507.69,"2016-03-31":203710.39,"2014-03-31":187226.22,"2011-03-31":121718.3,"2015-03-31":192835.98,"2013-03-31":162822.6,"2006-03-31":47635.27,"2012-03-31":141419.2,"2017-03-31":218233.15,"2010-03-31":101389.32,"2009-03-31":84053.83,"2007-03-31":56148.65}]],"annual":[["Sales",{"2008-03-31":5212.98,"2016-03-31":16243.78,"2014-03-31":15249.21,"2011-03-31":9361.03,"2015-03-31":15852.94,"2013-03-31":13897.43,"2006-03-31":3364.52,"2012-03-31":12231.32,"2017-03-31":16039.75,"2010-03-31":7714.37,"2009-03-31":6830.33,"2007-03-31":4194.8}],["Expenses",{"2008-03-31":null,"2016-03-31":5121.72,"2014-03-31":4151.87,"2011-03-31":2511.91,"2015-03-31":4217.9,"2013-03-31":3895.04,"2006-03-31":null,"2012-03-31":3293.07,"2017-03-31":5433.49,"2010-03-31":2038.1,"2009-03-31":null,"2007-03-31":null}],["Operating Profit",{"2008-03-31":null,"2016-03-31":11122.06,"2014-03-31":11097.34,"2011-03-31":6849.12,"2015-03-31":11635.04,"2013-03-31":10002.39,"2006-03-31":null,"2012-03-31":8938.25,"2017-03-31":10606.26,"2010-03-31":5676.27,"2009-03-31":null,"2007-03-31":null}],["OPM",{"2008-03-31":null,"2016-03-31":68.47,"2014-03-31":72.77,"2011-03-31":73.17,"2015-03-31":73.39,"2013-03-31":71.97,"2006-03-31":null,"2012-03-31":73.08,"2017-03-31":66.12,"2010-03-31":73.58,"2009-03-31":null,"2007-03-31":null}],["Other Income",{"2008-03-31":1154.4,"2016-03-31":1781.42,"2014-03-31":1371.68,"2011-03-31":1181.89,"2015-03-31":1363.36,"2013-03-31":1283.15,"2006-03-31":607.54,"2012-03-31":1232.16,"2017-03-31":2211.37,"2010-03-31":1316.41,"2009-03-31":1105.27,"2007-03-31":824.05}],["Interest",{"2008-03-31":3159.08,"2016-03-31":11797.6,"2014-03-31":10888.79,"2011-03-31":5324.92,"2015-03-31":11391.65,"2013-03-31":9368.37,"2006-03-31":1854.34,"2012-03-31":7813.32,"2017-03-31":10893.69,"2010-03-31":4553.18,"2009-03-31":4221.82,"2007-03-31":2412.62}],["Depreciation",{"2008-03-31":102.45,"2016-03-31":150.58,"2014-03-31":104.57,"2011-03-31":71.63,"2015-03-31":138.12,"2013-03-31":90.94,"2006-03-31":51.34,"2012-03-31":89.19,"2017-03-31":165.71,"2010-03-31":87.89,"2009-03-31":84.56,"2007-03-31":64.21}],["Profit before tax",{"2008-03-31":1234.98,"2016-03-31":955.3,"2014-03-31":1475.67,"2011-03-31":2634.46,"2015-03-31":1468.62,"2013-03-31":1826.22,"2006-03-31":560.7,"2012-03-31":2267.9,"2017-03-31":1758.23,"2010-03-31":2351.61,"2009-03-31":1785.6,"2007-03-31":884.21}],["Tax",{"2008-03-31":226.24,"2016-03-31":243.92,"2014-03-31":316.73,"2011-03-31":920.39,"2015-03-31":463.45,"2013-03-31":245.09,"2006-03-31":56.22,"2012-03-31":520.93,"2017-03-31":352.56,"2010-03-31":796.62,"2009-03-31":540.28,"2007-03-31":124.44}],["Net Profit",{"2008-03-31":1008.74,"2016-03-31":711.38,"2014-03-31":1158.95,"2011-03-31":1714.07,"2015-03-31":1005.17,"2013-03-31":1581.14,"2006-03-31":504.48,"2012-03-31":1746.97,"2017-03-31":1405.68,"2010-03-31":1554.99,"2009-03-31":1245.32,"2007-03-31":759.77}],["EPS (unadj)",{"2008-03-31":21.84,"2016-03-31":14.51,"2014-03-31":23.51,"2011-03-31":37.62,"2015-03-31":20.07,"2013-03-31":34.67,"2006-03-31":65.92,"2012-03-31":38.35,"2017-03-31":28.05,"2010-03-31":34.0,"2009-03-31":27.11,"2007-03-31":16.3}],["Dividend Payout",{"2008-03-31":17.04,"2016-03-31":10.13,"2014-03-31":18.85,"2011-03-31":18.8,"2015-03-31":20.07,"2013-03-31":17.94,"2006-03-31":20.64,"2012-03-31":18.45,"2017-03-31":20.5,"2010-03-31":17.96,"2009-03-31":17.26,"2007-03-31":16.97}]],"cashflow":[["Cash from Operating Activity",{"2008-03-31":2238.64,"2016-03-31":-930.58,"2014-03-31":-728.28,"2011-03-31":-193.09,"2015-03-31":5138.55,"2013-03-31":3436.21,"2006-03-31":2361.13,"2012-03-31":-1957.18,"2017-03-31":-10819.15,"2010-03-31":1700.03,"2009-03-31":1000.27,"2007-03-31":-554.69}],["Cash from Investing Activity",{"2008-03-31":-95.29,"2016-03-31":-771.51,"2014-03-31":-146.61,"2011-03-31":-127.55,"2015-03-31":-236.19,"2013-03-31":-179.48,"2006-03-31":-126.12,"2012-03-31":-144.71,"2017-03-31":-179.28,"2010-03-31":-101.95,"2009-03-31":-94.74,"2007-03-31":-101.89}],["Cash from Financing Activity",{"2008-03-31":-188.28,"2016-03-31":620.21,"2014-03-31":1726.75,"2011-03-31":769.75,"2015-03-31":-2311.73,"2013-03-31":-2431.41,"2006-03-31":0.0,"2012-03-31":2352.94,"2017-03-31":9040.86,"2010-03-31":-168.7,"2009-03-31":-994.53,"2007-03-31":666.98}],["Net Cash Flow",{"2008-03-31":1955.07,"2016-03-31":-1081.88,"2014-03-31":851.86,"2011-03-31":449.11,"2015-03-31":2590.63,"2013-03-31":825.32,"2006-03-31":2235.01,"2012-03-31":251.05,"2017-03-31":-1957.57,"2010-03-31":1429.38,"2009-03-31":-89.0,"2007-03-31":10.4}]],"quarters":[["Sales",{"2016-06-30":4071.3,"2016-12-31":3957.56,"2017-03-31":4016.5,"2017-06-30":4135.97,"2015-06-30":4118.97,"2015-03-31":3956.37,"2017-09-30":4159.57,"2015-12-31":3999.39,"2016-03-31":3984.25,"2017-12-31":4354.22,"2016-09-30":3994.39,"2015-09-30":4141.18}],["Expenses",{"2016-06-30":1191.8,"2016-12-31":1365.39,"2017-03-31":1707.06,"2017-06-30":1574.72,"2015-06-30":1195.34,"2015-03-31":1307.37,"2017-09-30":1627.2,"2015-12-31":1507.35,"2016-03-31":1650.16,"2017-12-31":1880.45,"2016-09-30":1334.94,"2015-09-30":919.45}],["Operating Profit",{"2016-06-30":2879.5,"2016-12-31":2592.17,"2017-03-31":2309.44,"2017-06-30":2561.25,"2015-06-30":2923.63,"2015-03-31":2649.0,"2017-09-30":2532.37,"2015-12-31":2492.04,"2016-03-31":2334.09,"2017-12-31":2473.77,"2016-09-30":2659.45,"2015-09-30":3221.73}],["OPM",{"2016-06-30":70.73,"2016-12-31":65.5,"2017-03-31":57.5,"2017-06-30":61.93,"2015-06-30":70.98,"2015-03-31":66.96,"2017-09-30":60.88,"2015-12-31":62.31,"2016-03-31":58.58,"2017-12-31":56.81,"2016-09-30":66.58,"2015-09-30":77.8}],["Other Income",{"2016-06-30":441.67,"2016-12-31":599.7,"2017-03-31":585.39,"2017-06-30":652.07,"2015-06-30":375.57,"2015-03-31":454.12,"2017-09-30":714.59,"2015-12-31":445.19,"2016-03-31":538.49,"2017-12-31":548.85,"2016-09-30":584.62,"2015-09-30":410.09}],["Depreciation",{"2016-06-30":0.0,"2016-12-31":0.0,"2017-03-31":0.0,"2017-06-30":0.0,"2015-06-30":0.0,"2015-03-31":0.0,"2017-09-30":0.0,"2015-12-31":0.0,"2016-03-31":0.0,"2017-12-31":0.0,"2016-09-30":0.0,"2015-09-30":0.0}],["Interest",{"2016-06-30":2834.98,"2016-12-31":2710.98,"2017-03-31":2631.6,"2017-06-30":2676.49,"2015-06-30":2998.64,"2015-03-31":2848.44,"2017-09-30":2615.91,"2015-12-31":2888.58,"2016-03-31":2849.62,"2017-12-31":2731.53,"2016-09-30":2716.14,"2015-09-30":3060.77}],["Profit before tax",{"2016-06-30":486.19,"2016-12-31":480.88,"2017-03-31":263.24,"2017-06-30":536.84,"2015-06-30":300.57,"2015-03-31":254.68,"2017-09-30":631.05,"2015-12-31":48.65,"2016-03-31":22.96,"2017-12-31":291.1,"2016-09-30":527.93,"2015-09-30":571.05}],["Tax",{"2016-06-30":178.83,"2016-12-31":107.4,"2017-03-31":-56.47,"2017-06-30":164.43,"2015-06-30":85.29,"2015-03-31":48.52,"2017-09-30":179.51,"2015-12-31":0.18,"2016-03-31":-70.66,"2017-12-31":-11.96,"2016-09-30":122.79,"2015-09-30":229.12}],["Net Profit",{"2016-06-30":307.36,"2016-12-31":373.48,"2017-03-31":319.7,"2017-06-30":372.41,"2015-06-30":215.28,"2015-03-31":206.16,"2017-09-30":451.54,"2015-12-31":48.48,"2016-03-31":93.62,"2017-12-31":303.06,"2016-09-30":405.14,"2015-09-30":341.93}]]},"bse_code":"532814","short_name":"Indian Bank","nse_code":"INDIANB","companyrating_set":[{"rating__rating":"[ICRA]AA+ (Positive)","instrument":"Financial Sector Rating-Long Term","rating__source":"icra","link":"http://icra.in/search.aspx?word=Indian Bank"},{"rating__rating":"IND AA+(Stable)","instrument":"Long Term Rating","rating__source":"fitch","link":"http://www.indiaratings.co.in/search/search.jsp?q=Indian Bank"},{"rating__rating":"CRISIL AAA(Stable)","instrument":"Lower Tier II Bonds","rating__source":"crisil","link":"http://www.crisil.com/ratings/company-wise-ratings.jsp?txtSearch=Indian Bank"},{"rating__rating":"CARE AAA","instrument":"LT InstrumentsBonds","rating__source":"care","link":"http://google.com/search?btnI=1&q=Indian Bank+site:careratings.com"},{"rating__rating":"IND A1+(Stable)","instrument":"Short Term","rating__source":"fitch","link":"http://www.indiaratings.co.in/search/search.jsp?q=Indian Bank"},{"rating__rating":"CRISIL AAA(Stable)","instrument":"Upper Tier II Bonds","rating__source":"crisil","link":"http://www.crisil.com/ratings/company-wise-ratings.jsp?txtSearch=Indian Bank"}],"annualreport_set":[{"source":"bse","report_date":2017,"link":"http://www.bseindia.com/bseplus/AnnualReport/532814/5328140317.pdf"},{"source":"bse","report_date":2016,"link":"http://www.bseindia.com/bseplus/AnnualReport/532814/5328140316.pdf"},{"source":"bse","report_date":2015,"link":"http://www.bseindia.com/bseplus/AnnualReport/532814/5328140315.pdf"},{"source":"bse","report_date":2014,"link":"http://www.bseindia.com/bseplus/AnnualReport/532814/5328140314.pdf"},{"source":"bse","report_date":2013,"link":"http://www.bseindia.com/bseplus/annualreport/532814/5328140313.pdf"},{"source":"bse","report_date":2012,"link":"http://www.bseindia.com/bseplus/annualreport/532814/5328140312.PDF"},{"source":"bse","report_date":2011,"link":"http://www.bseindia.com/bseplus/annualreport/532814/5328140311.pdf"},{"source":"nse","report_date":2011,"link":"http://nseindia.com/annual_reports/AR_INDIANB_2010_2011_15072011120526.zip"},{"source":"bse","report_date":2010,"link":"http://www.bseindia.com/bseplus/annualreport/532814/5328140310.pdf"},{"source":"nse","report_date":2010,"link":"http://nseindia.com/annual_reports/AR_INDIANB_2009_2010_24092010120000.zip"}],"announcement_set":[{"ann_date":"07 Apr 2018","announcement":"Change In MCLR W.E.F 09.04.2018","link":"https://www.bseindia.com/corporates/anndet_new.aspx?newsid=800d8959-8000-4abc-8994-040e93afe293"},{"ann_date":"07 Apr 2018","announcement":"Compliance Certificate Under Reg 7(3) Of SEBI (LODR) Regulations, 2015 For The Half-Year Ended 31.03.2018.","link":"https://www.bseindia.com/corporates/anndet_new.aspx?newsid=4bbc60d5-e5b1-4931-87d8-ee6e8e90d41d"},{"ann_date":"05 Apr 2018","announcement":"Announcement under Regulation 30 (LODR)-Change in Directorate","link":"https://www.bseindia.com/corporates/anndet_new.aspx?newsid=5e38d144-4e16-48c6-8e26-b1ee8fd6e3f0"},{"ann_date":"05 Apr 2018","announcement":"Compliance Certificate In Terms Of Regulation 40 Of SEBI (LODR) Regulations, 2015.","link":"https://www.bseindia.com/corporates/anndet_new.aspx?newsid=487fed24-fea5-4695-8109-1acdc0450cf1"},{"ann_date":"31 Mar 2018","announcement":"Payment Of Annual Interest On Basel III Compliant AT 1 Bonds","link":"https://www.bseindia.com/corporates/anndet_new.aspx?newsid=36c0edb1-790a-4a39-a9c5-c6b4530c1c20"}],"warehouse_set":{"high_price":427.4,"low_price":251.45,"sales_growth":4.12,"current_price":320.75,"dividend_yield":1.87,"face_value":10.0,"id":1776,"sales_growth_3years":1.7,"profit_growth_5years":-3.84,"average_return_on_equity_3years":7.97,"book_value":324.57,"status":"Active","pair_url":"/company/INDIANB/consolidated","sales_growth_10years":13.3,"average_return_on_equity_10years":14.43,"profit_growth":22.64,"market_capitalization":15405.35,"profit_growth_10years":3.76,"price_to_earning":10.65,"industry":"Banks","analysis":{"remarks":[],"bad":["Company has low interest coverage ratio.","The company has delivered a poor growth of 5.57% over past five years.","Company has a low return on equity of 7.97% for last 3 years.","Contingent liabilities of Rs.32592.86 Cr."],"good":["Stock is trading at 0.99 times its book value","Company has been maintaining a healthy dividend payout of 18.00%"]},"result_type":"sa","profit_growth_3years":6.62,"sales_growth_5years":5.57,"return_on_equity":10.07,"average_return_on_equity_5years":9.8},"id":1439,"name":"Indian Bank"}
