{"prime":"con","number_set":{"balancesheet":[["Share Capital",{"2008-03-31":0.05,"2016-03-31":1896.7,"2014-03-31":1889.3,"2011-03-31":580.8,"2015-03-31":1893.8,"2013-03-31":1888.7,"2012-03-31":580.8,"2017-03-31":1849.6,"2010-03-31":580.8,"2009-03-31":540.5,"2007-03-31":0.05}],["Reserves",{"2008-03-31":10262.44,"2016-03-31":17032.9,"2014-03-31":15859.3,"2011-03-31":13770.57,"2015-03-31":16069.7,"2013-03-31":15783.7,"2012-03-31":14153.7,"2017-03-31":14387.5,"2010-03-31":13455.35,"2009-03-31":9918.48,"2007-03-31":-0.01}],["Borrowings",{"2008-03-31":3134.73,"2016-03-31":0.0,"2014-03-31":0.0,"2011-03-31":0.0,"2015-03-31":0.0,"2013-03-31":0.0,"2012-03-31":0.1,"2017-03-31":278.5,"2010-03-31":480.0,"2009-03-31":900.0,"2007-03-31":0.0}],["Other Liabilities",{"2008-03-31":2668.36,"2016-03-31":2375.4,"2014-03-31":4740.1,"2011-03-31":3866.27,"2015-03-31":4362.8,"2013-03-31":4356.9,"2012-03-31":3344.0,"2017-03-31":4912.7,"2010-03-31":2883.5,"2009-03-31":6461.22,"2007-03-31":0.01}],["Total Liabilities",{"2008-03-31":16065.58,"2016-03-31":21305.0,"2014-03-31":22488.7,"2011-03-31":18217.64,"2015-03-31":22326.3,"2013-03-31":22029.3,"2012-03-31":18078.6,"2017-03-31":21428.3,"2010-03-31":17399.65,"2009-03-31":17820.2,"2007-03-31":0.05}],["Fixed Assets",{"2008-03-31":11539.15,"2016-03-31":6063.1,"2014-03-31":6685.5,"2011-03-31":8060.11,"2015-03-31":6470.1,"2013-03-31":7111.6,"2012-03-31":7286.3,"2017-03-31":5791.4,"2010-03-31":8059.6,"2009-03-31":14077.14,"2007-03-31":0.0}],["CWIP",{"2008-03-31":401.55,"2016-03-31":70.1,"2014-03-31":52.2,"2011-03-31":157.99,"2015-03-31":68.1,"2013-03-31":77.1,"2012-03-31":65.9,"2017-03-31":58.5,"2010-03-31":194.02,"2009-03-31":428.08,"2007-03-31":0.0}],["Investments",{"2008-03-31":3193.14,"2016-03-31":10486.3,"2014-03-31":13043.15,"2011-03-31":6017.15,"2015-03-31":11924.1,"2013-03-31":9694.3,"2012-03-31":6072.3,"2017-03-31":11666.0,"2010-03-31":6355.64,"2009-03-31":287.17,"2007-03-31":0.0}],["Other Assets",{"2008-03-31":931.74,"2016-03-31":4685.5,"2014-03-31":2707.85,"2011-03-31":3982.39,"2015-03-31":3864.0,"2013-03-31":5146.3,"2012-03-31":4654.1,"2017-03-31":3912.4,"2010-03-31":2790.39,"2009-03-31":3027.81,"2007-03-31":0.05}],["Total Assets",{"2008-03-31":16065.58,"2016-03-31":21305.0,"2014-03-31":22488.7,"2011-03-31":18217.64,"2015-03-31":22326.3,"2013-03-31":22029.3,"2012-03-31":18078.6,"2017-03-31":21428.3,"2010-03-31":17399.65,"2009-03-31":17820.2,"2007-03-31":0.05}]],"annual":[["Sales",{"2008-03-31":705.1,"2016-03-31":5558.3,"2014-03-31":4999.3,"2011-03-31":3780.48,"2015-03-31":5388.9,"2013-03-31":4460.1,"2012-03-31":4158.2,"2017-03-31":6084.7,"2010-03-31":3091.23,"2009-03-31":4248.94,"2007-03-31":0.0}],["Expenses",{"2008-03-31":441.59,"2016-03-31":3069.9,"2014-03-31":2922.4,"2011-03-31":2339.19,"2015-03-31":2994.9,"2013-03-31":2713.3,"2012-03-31":2522.7,"2017-03-31":3259.5,"2010-03-31":1910.06,"2009-03-31":2781.56,"2007-03-31":0.01}],["Operating Profit",{"2008-03-31":263.51,"2016-03-31":2488.4,"2014-03-31":2076.9,"2011-03-31":1441.29,"2015-03-31":2394.0,"2013-03-31":1746.8,"2012-03-31":1635.5,"2017-03-31":2825.2,"2010-03-31":1181.17,"2009-03-31":1467.38,"2007-03-31":-0.01}],["OPM",{"2008-03-31":37.37,"2016-03-31":44.77,"2014-03-31":41.54,"2011-03-31":38.12,"2015-03-31":44.42,"2013-03-31":39.17,"2012-03-31":39.33,"2017-03-31":46.43,"2010-03-31":38.21,"2009-03-31":34.54,"2007-03-31":"--"}],["Other Income",{"2008-03-31":0.64,"2016-03-31":571.9,"2014-03-31":530.2,"2011-03-31":88.99,"2015-03-31":1995.4,"2013-03-31":684.1,"2012-03-31":111.0,"2017-03-31":1715.6,"2010-03-31":148.28,"2009-03-31":160.2,"2007-03-31":0.0}],["Interest",{"2008-03-31":34.14,"2016-03-31":33.0,"2014-03-31":9.1,"2011-03-31":36.07,"2015-03-31":-6.5,"2013-03-31":0.7,"2012-03-31":1.0,"2017-03-31":39.4,"2010-03-31":65.25,"2009-03-31":46.71,"2007-03-31":0.0}],["Depreciation",{"2008-03-31":163.15,"2016-03-31":1155.0,"2014-03-31":1101.4,"2011-03-31":979.11,"2015-03-31":1122.2,"2013-03-31":1108.6,"2012-03-31":1058.8,"2017-03-31":1165.7,"2010-03-31":851.83,"2009-03-31":1145.0,"2007-03-31":0.0}],["Profit before tax",{"2008-03-31":66.86,"2016-03-31":1872.3,"2014-03-31":1496.6,"2011-03-31":515.1,"2015-03-31":3273.7,"2013-03-31":1321.6,"2012-03-31":686.7,"2017-03-31":3335.7,"2010-03-31":412.37,"2009-03-31":435.87,"2007-03-31":-0.01}],["Tax",{"2008-03-31":22.98,"2016-03-31":544.9,"2014-03-31":406.7,"2011-03-31":156.43,"2015-03-31":548.5,"2013-03-31":311.8,"2012-03-31":237.5,"2017-03-31":630.7,"2010-03-31":143.13,"2009-03-31":140.57,"2007-03-31":0.0}],["Net Profit",{"2008-03-31":43.88,"2016-03-31":1327.4,"2014-03-31":1089.9,"2011-03-31":358.67,"2015-03-31":2725.2,"2013-03-31":1009.8,"2012-03-31":449.2,"2017-03-31":2705.0,"2010-03-31":269.24,"2009-03-31":295.3,"2007-03-31":-0.01}],["EPS (unadj)",{"2008-03-31":8776.0,"2016-03-31":5.68,"2014-03-31":5.02,"2011-03-31":6.18,"2015-03-31":12.3,"2013-03-31":4.46,"2012-03-31":7.73,"2017-03-31":14.62,"2010-03-31":4.64,"2009-03-31":5.46,"2007-03-31":0.0}],["Dividend Payout",{"2008-03-31":0.0,"2016-03-31":42.87,"2014-03-31":76.27,"2011-03-31":0.0,"2015-03-31":76.44,"2013-03-31":102.87,"2012-03-31":0.0,"2017-03-31":109.4,"2010-03-31":0.0,"2009-03-31":0.0,"2007-03-31":-0.0}]],"cashflow":[["Cash from Operating Activity",{"2008-03-31":132.67,"2016-03-31":1980.0,"2014-03-31":1815.7,"2011-03-31":1459.34,"2015-03-31":1720.7,"2013-03-31":2242.8,"2012-03-31":1322.3,"2017-03-31":1915.2,"2010-03-31":2440.67,"2009-03-31":-47.07,"2007-03-31":0.0}],["Cash from Investing Activity",{"2008-03-31":-5103.24,"2016-03-31":1475.7,"2014-03-31":-1114.4,"2011-03-31":-1480.97,"2015-03-31":1075.9,"2013-03-31":-4831.2,"2012-03-31":-1308.8,"2017-03-31":708.6,"2010-03-31":-1431.22,"2009-03-31":-1130.55,"2007-03-31":0.0}],["Cash from Financing Activity",{"2008-03-31":5118.17,"2016-03-31":-1452.8,"2014-03-31":-657.8,"2011-03-31":-634.71,"2015-03-31":-2837.8,"2013-03-31":2647.8,"2012-03-31":0.0,"2017-03-31":-2662.0,"2010-03-31":-362.13,"2009-03-31":1043.26,"2007-03-31":0.05}],["Net Cash Flow",{"2008-03-31":147.6,"2016-03-31":2002.9,"2014-03-31":43.5,"2011-03-31":-656.34,"2015-03-31":-41.2,"2013-03-31":59.4,"2012-03-31":13.5,"2017-03-31":-38.2,"2010-03-31":647.32,"2009-03-31":-134.36,"2007-03-31":0.05}]],"quarters":[["Sales",{"2016-06-30":1453.1,"2016-12-31":1530.0,"2017-03-31":1605.3,"2017-06-30":1593.4,"2015-06-30":1371.7,"2015-03-31":1337.3,"2017-09-30":1657.7,"2015-12-31":1395.9,"2016-03-31":1418.1,"2017-12-31":1695.2,"2016-09-30":1496.3,"2015-09-30":1372.6}],["Expenses",{"2016-06-30":792.1,"2016-12-31":824.4,"2017-03-31":835.7,"2017-06-30":811.8,"2015-06-30":768.9,"2015-03-31":704.0,"2017-09-30":868.3,"2015-12-31":775.4,"2016-03-31":748.4,"2017-12-31":897.9,"2016-09-30":807.3,"2015-09-30":777.2}],["Operating Profit",{"2016-06-30":661.0,"2016-12-31":705.6,"2017-03-31":769.6,"2017-06-30":781.6,"2015-06-30":602.8,"2015-03-31":633.3,"2017-09-30":789.4,"2015-12-31":620.5,"2016-03-31":669.7,"2017-12-31":797.3,"2016-09-30":689.0,"2015-09-30":595.4}],["OPM",{"2016-06-30":45.49,"2016-12-31":46.12,"2017-03-31":47.94,"2017-06-30":49.05,"2015-06-30":43.95,"2015-03-31":47.36,"2017-09-30":47.62,"2015-12-31":44.45,"2016-03-31":47.23,"2017-12-31":47.03,"2016-09-30":46.05,"2015-09-30":43.38}],["Other Income",{"2016-06-30":966.6,"2016-12-31":17.8,"2017-03-31":19.0,"2017-06-30":1014.9,"2015-06-30":36.3,"2015-03-31":538.7,"2017-09-30":15.1,"2015-12-31":38.3,"2016-03-31":18.5,"2017-12-31":19.9,"2016-09-30":18.7,"2015-09-30":17.5}],["Depreciation",{"2016-06-30":287.9,"2016-12-31":293.4,"2017-03-31":296.7,"2017-06-30":295.0,"2015-06-30":281.7,"2015-03-31":287.8,"2017-09-30":299.7,"2015-12-31":291.0,"2016-03-31":295.2,"2017-12-31":292.7,"2016-09-30":287.7,"2015-09-30":287.1}],["Interest",{"2016-06-30":-176.5,"2016-12-31":-148.3,"2017-03-31":-23.1,"2017-06-30":-101.4,"2015-06-30":-13.2,"2015-03-31":1.1,"2017-09-30":-61.9,"2015-12-31":-25.0,"2016-03-31":-157.2,"2017-12-31":12.3,"2016-09-30":-306.2,"2015-09-30":-233.1}],["Profit before tax",{"2016-06-30":1516.2,"2016-12-31":578.3,"2017-03-31":515.0,"2017-06-30":1602.9,"2015-06-30":370.6,"2015-03-31":883.1,"2017-09-30":566.7,"2015-12-31":392.8,"2016-03-31":550.2,"2017-12-31":512.2,"2016-09-30":726.2,"2015-09-30":558.9}],["Tax",{"2016-06-30":39.3,"2016-12-31":210.4,"2017-03-31":190.1,"2017-06-30":204.6,"2015-06-30":130.4,"2015-03-31":165.7,"2017-09-30":202.9,"2015-12-31":134.3,"2016-03-31":85.8,"2017-12-31":195.2,"2016-09-30":190.9,"2015-09-30":194.4}],["Net Profit",{"2016-06-30":1476.9,"2016-12-31":367.9,"2017-03-31":324.9,"2017-06-30":1398.3,"2015-06-30":240.2,"2015-03-31":717.4,"2017-09-30":363.8,"2015-12-31":258.5,"2016-03-31":464.4,"2017-12-31":317.0,"2016-09-30":535.3,"2015-09-30":364.5}]]},"bse_code":"534816","short_name":"Bharti Infra.","nse_code":"INFRATEL","companyrating_set":[{"rating__rating":"IrAA+(stable)","instrument":"Issuer Rating-","rating__source":"icra","link":"http://icra.in/search.aspx?word=Bharti Infratel Ltd"}],"annualreport_set":[{"source":"bse","report_date":2017,"link":"http://www.bseindia.com/bseplus/AnnualReport/534816/5348160317.pdf"},{"source":"bse","report_date":2016,"link":"http://www.bseindia.com/bseplus/AnnualReport/534816/5348160316.pdf"},{"source":"bse","report_date":2015,"link":"http://www.bseindia.com/bseplus/AnnualReport/534816/5348160315.pdf"},{"source":"bse","report_date":2014,"link":"http://www.bseindia.com/bseplus/AnnualReport/534816/5348160314.pdf"},{"source":"bse","report_date":2013,"link":"http://www.bseindia.com/bseplus/annualreport/534816/5348160313.pdf"}],"announcement_set":[{"ann_date":"06 Apr 2018","announcement":"Notice Of Board Meeting","link":"https://www.bseindia.com/corporates/anndet_new.aspx?newsid=1c857d74-9a9d-4827-aef2-5b1108864269"},{"ann_date":"10 Mar 2018","announcement":"Disclosure of Voting results of Postal Ballot (Regulation 44(3) of SEBI (LODR) Regulations, 2015)","link":"https://www.bseindia.com/corporates/anndet_new.aspx?newsid=ea33b9d2-c44c-4629-965a-8db2e3cfaef5"},{"ann_date":"09 Mar 2018","announcement":"Outcome Of The Postal Ballot/E-Voting","link":"https://www.bseindia.com/corporates/anndet_new.aspx?newsid=5c6a0681-ed69-4607-b111-bf56dc4be698"},{"ann_date":"23 Feb 2018","announcement":"Announcement under Regulation 30 (LODR)-Investor Presentation","link":"https://www.bseindia.com/corporates/anndet_new.aspx?newsid=41891468-7cef-42b9-81e8-24e0eabca263"},{"ann_date":"06 Feb 2018","announcement":"Newspaper Publication","link":"http://www.bseindia.com/corporates/anndet_new.aspx?newsid=2bac807c-19bb-4f70-97fb-eea82fc133f5"}],"warehouse_set":{"high_price":482.8,"low_price":320.05,"sales_growth":11.09,"current_price":338.0,"dividend_yield":4.73,"face_value":10.0,"id":118925,"sales_growth_3years":6.77,"profit_growth_5years":31.11,"average_return_on_equity_3years":9.89,"book_value":99.03,"status":"Active","pair_url":"/company/INFRATEL/consolidated","sales_growth_10years":27.05,"average_return_on_equity_10years":5.69,"profit_growth":-15.49,"market_capitalization":62516.76,"profit_growth_10years":50.34,"price_to_earning":26.01,"industry":"Other Telecom Services","analysis":{"remarks":[],"bad":["Promoter's stake has decreased","The company has delivered a poor growth of 7.91% over past five years.","Company has a low return on equity of 9.89% for last 3 years.","Earnings include an other income of Rs.1068.90 Cr."],"good":["Company is virtually debt free.","Stock is providing a good dividend yield of 4.73%.","Company has been maintaining a healthy dividend payout of 83.04%"]},"result_type":"sa","profit_growth_3years":18.5,"sales_growth_5years":7.91,"return_on_equity":9.79,"average_return_on_equity_5years":8.28},"id":244384,"name":"Bharti Infratel Ltd"}
