{"prime":"sa","number_set":{"balancesheet":[["Share Capital",{"2008-03-31":1192.37,"2016-03-31":2369.67,"2014-03-31":2427.95,"2011-03-31":2427.95,"2015-03-31":2427.95,"2013-03-31":2427.95,"2006-03-31":1168.01,"2012-03-31":2427.95,"2017-03-31":4739.34,"2010-03-31":2427.95,"2009-03-31":1213.97,"2007-03-31":1192.37}],["Reserves",{"2008-03-31":39893.88,"2016-03-31":85764.64,"2014-03-31":63564.13,"2011-03-31":52904.37,"2015-03-31":65542.02,"2013-03-31":58696.36,"2006-03-31":28134.66,"2012-03-31":55448.75,"2017-03-31":94989.38,"2010-03-31":48124.98,"2009-03-31":42784.21,"2007-03-31":33664.92}],["Borrowings",{"2008-03-31":35523.17,"2016-03-31":52880.19,"2014-03-31":86217.6,"2011-03-31":52717.75,"2015-03-31":55245.01,"2013-03-31":80834.37,"2006-03-31":26404.31,"2012-03-31":75400.24,"2017-03-31":54819.5,"2010-03-31":44566.25,"2009-03-31":44972.06,"2007-03-31":27082.69}],["Other Liabilities",{"2008-03-31":39965.8,"2016-03-31":86599.49,"2014-03-31":103761.88,"2011-03-31":67184.26,"2015-03-31":100704.75,"2013-03-31":90158.77,"2006-03-31":35966.74,"2012-03-31":80008.11,"2017-03-31":116260.19,"2010-03-31":51059.84,"2009-03-31":41714.1,"2007-03-31":39966.5}],["Total Liabilities",{"2008-03-31":116575.22,"2016-03-31":227613.99,"2014-03-31":255971.56,"2011-03-31":175234.33,"2015-03-31":223919.73,"2013-03-31":232117.45,"2006-03-31":91673.72,"2012-03-31":213285.05,"2017-03-31":270808.41,"2010-03-31":146179.02,"2009-03-31":130662.74,"2007-03-31":101882.12}],["Fixed Assets",{"2008-03-31":32771.82,"2016-03-31":91346.97,"2014-03-31":62948.79,"2011-03-31":58214.65,"2015-03-31":66251.47,"2013-03-31":60632.73,"2006-03-31":25023.42,"2012-03-31":59846.8,"2017-03-31":107879.49,"2010-03-31":41581.07,"2009-03-31":34778.45,"2007-03-31":33370.22}],["CWIP",{"2008-03-31":9170.22,"2016-03-31":21025.08,"2014-03-31":33879.24,"2011-03-31":9253.35,"2015-03-31":36323.5,"2013-03-31":26230.32,"2006-03-31":9645.83,"2012-03-31":13687.89,"2017-03-31":10737.82,"2010-03-31":21268.63,"2009-03-31":18139.96,"2007-03-31":4394.3}],["Investments",{"2008-03-31":21546.28,"2016-03-31":37181.4,"2014-03-31":23594.19,"2011-03-31":19544.76,"2015-03-31":23899.49,"2013-03-31":18671.22,"2006-03-31":14526.39,"2012-03-31":18678.46,"2017-03-31":47304.6,"2010-03-31":22370.25,"2009-03-31":32232.13,"2007-03-31":19997.86}],["Other Assets",{"2008-03-31":53086.9,"2016-03-31":78060.54,"2014-03-31":135549.34,"2011-03-31":88221.57,"2015-03-31":97445.27,"2013-03-31":126583.18,"2006-03-31":42478.08,"2012-03-31":121071.9,"2017-03-31":104886.5,"2010-03-31":60959.07,"2009-03-31":45512.2,"2007-03-31":44119.74}],["Total Assets",{"2008-03-31":116575.22,"2016-03-31":227613.99,"2014-03-31":255971.56,"2011-03-31":175234.33,"2015-03-31":223919.73,"2013-03-31":232117.45,"2006-03-31":91673.72,"2012-03-31":213285.05,"2017-03-31":270808.41,"2010-03-31":146179.02,"2009-03-31":130662.74,"2007-03-31":101882.12}]],"annual":[["Sales",{"2008-03-31":224405.38,"2016-03-31":347176.43,"2014-03-31":479271.66,"2011-03-31":328092.3,"2015-03-31":437524.23,"2013-03-31":447096.25,"2006-03-31":165373.4,"2012-03-31":398476.63,"2017-03-31":359873.16,"2010-03-31":249292.79,"2009-03-31":262715.31,"2007-03-31":199396.17}],["Expenses",{"2008-03-31":214652.01,"2016-03-31":326111.76,"2014-03-31":463631.99,"2011-03-31":315182.2,"2015-03-31":427357.47,"2013-03-31":433239.85,"2006-03-31":null,"2012-03-31":387741.83,"2017-03-31":328072.49,"2010-03-31":237011.31,"2009-03-31":256266.0,"2007-03-31":191220.22}],["Operating Profit",{"2008-03-31":9753.37,"2016-03-31":21064.67,"2014-03-31":15639.67,"2011-03-31":12910.1,"2015-03-31":10166.76,"2013-03-31":13856.4,"2006-03-31":null,"2012-03-31":10734.8,"2017-03-31":31800.67,"2010-03-31":12281.48,"2009-03-31":6449.31,"2007-03-31":8175.95}],["OPM",{"2008-03-31":4.35,"2016-03-31":6.07,"2014-03-31":3.26,"2011-03-31":3.93,"2015-03-31":2.32,"2013-03-31":3.1,"2006-03-31":null,"2012-03-31":2.69,"2017-03-31":8.84,"2010-03-31":4.93,"2009-03-31":2.45,"2007-03-31":4.1}],["Other Income",{"2008-03-31":4626.45,"2016-03-31":3686.41,"2014-03-31":5166.92,"2011-03-31":3434.57,"2015-03-31":5815.66,"2013-03-31":3471.87,"2006-03-31":2939.43,"2012-03-31":3477.84,"2017-03-31":4208.58,"2010-03-31":6624.1,"2009-03-31":4781.97,"2007-03-31":6435.13}],["Interest",{"2008-03-31":1589.72,"2016-03-31":3105.97,"2014-03-31":5120.99,"2011-03-31":2702.14,"2015-03-31":3458.47,"2013-03-31":6479.48,"2006-03-31":1052.79,"2012-03-31":5590.54,"2017-03-31":3465.04,"2010-03-31":1572.35,"2009-03-31":4020.98,"2007-03-31":1535.77}],["Depreciation",{"2008-03-31":2709.7,"2016-03-31":4818.57,"2014-03-31":5760.09,"2011-03-31":4546.67,"2015-03-31":4528.66,"2013-03-31":5200.99,"2006-03-31":2201.46,"2012-03-31":4867.79,"2017-03-31":6222.97,"2010-03-31":3227.14,"2009-03-31":2881.71,"2007-03-31":2590.31}],["Profit before tax",{"2008-03-31":10080.4,"2016-03-31":16826.54,"2014-03-31":9925.51,"2011-03-31":9095.86,"2015-03-31":7995.29,"2013-03-31":5647.8,"2006-03-31":6705.99,"2012-03-31":3754.31,"2017-03-31":26321.24,"2010-03-31":14106.09,"2009-03-31":4328.59,"2007-03-31":10485.0}],["Tax",{"2008-03-31":3117.82,"2016-03-31":5584.31,"2014-03-31":2906.42,"2011-03-31":1650.38,"2015-03-31":2722.26,"2013-03-31":642.63,"2006-03-31":1790.87,"2012-03-31":-200.31,"2017-03-31":7214.84,"2010-03-31":3885.54,"2009-03-31":1379.04,"2007-03-31":2985.53}],["Net Profit",{"2008-03-31":6962.58,"2016-03-31":11242.23,"2014-03-31":7019.09,"2011-03-31":7445.48,"2015-03-31":5273.03,"2013-03-31":5005.17,"2006-03-31":4915.12,"2012-03-31":3954.62,"2017-03-31":19106.4,"2010-03-31":10220.55,"2009-03-31":2949.55,"2007-03-31":7499.47}],["EPS (unadj)",{"2008-03-31":57.75,"2016-03-31":44.97,"2014-03-31":27.43,"2011-03-31":29.19,"2015-03-31":20.37,"2013-03-31":19.56,"2006-03-31":40.33,"2012-03-31":15.49,"2017-03-31":35.72,"2010-03-31":40.0,"2009-03-31":23.44,"2007-03-31":61.11}],["Dividend Payout",{"2008-03-31":9.42,"2016-03-31":30.24,"2014-03-31":30.09,"2011-03-31":30.98,"2015-03-31":30.39,"2013-03-31":30.08,"2006-03-31":29.7,"2012-03-31":30.7,"2017-03-31":48.29,"2010-03-31":30.88,"2009-03-31":30.32,"2007-03-31":29.59}]],"cashflow":[["Cash from Operating Activity",{"2008-03-31":-9382.39,"2016-03-31":22944.26,"2014-03-31":22049.89,"2011-03-31":5683.89,"2015-03-31":44529.4,"2013-03-31":11610.6,"2006-03-31":-961.51,"2012-03-31":-2759.77,"2017-03-31":27751.23,"2010-03-31":-464.7,"2009-03-31":-23198.75,"2007-03-31":-2919.61}],["Cash from Investing Activity",{"2008-03-31":4372.22,"2016-03-31":-12416.75,"2014-03-31":-17836.58,"2011-03-31":-7217.99,"2015-03-31":-8648.27,"2013-03-31":-8338.29,"2006-03-31":-5437.62,"2012-03-31":-12249.57,"2017-03-31":-14685.71,"2010-03-31":4676.1,"2009-03-31":19219.7,"2007-03-31":6738.06}],["Cash from Financing Activity",{"2008-03-31":4908.63,"2016-03-31":-10367.09,"2014-03-31":-2108.07,"2011-03-31":1513.42,"2015-03-31":-38374.04,"2013-03-31":-3076.03,"2006-03-31":6696.33,"2012-03-31":14021.93,"2017-03-31":-13274.57,"2010-03-31":-3694.23,"2009-03-31":3950.4,"2007-03-31":-3713.54}],["Net Cash Flow",{"2008-03-31":-101.54,"2016-03-31":160.42,"2014-03-31":2105.24,"2011-03-31":-20.68,"2015-03-31":-2492.91,"2013-03-31":196.28,"2006-03-31":297.2,"2012-03-31":-987.41,"2017-03-31":-209.05,"2010-03-31":517.17,"2009-03-31":-28.65,"2007-03-31":104.91}]],"quarters":[["Sales",{"2016-06-30":86077.19,"2016-12-31":93101.85,"2017-03-31":100337.51,"2017-06-30":105434.23,"2015-06-30":101476.11,"2015-03-31":93830.13,"2017-09-30":90566.72,"2015-12-31":82675.86,"2016-03-31":78415.51,"2017-12-31":110666.93,"2016-09-30":80356.61,"2015-09-30":84612.23}],["Expenses",{"2016-06-30":72397.22,"2016-12-31":85168.09,"2017-03-31":95928.9,"2017-06-30":97434.66,"2015-06-30":91189.18,"2015-03-31":84548.43,"2017-09-30":83193.47,"2015-12-31":77320.78,"2016-03-31":73679.38,"2017-12-31":97398.19,"2016-09-30":74597.89,"2015-09-30":83946.02}],["Operating Profit",{"2016-06-30":13679.97,"2016-12-31":7933.76,"2017-03-31":4408.61,"2017-06-30":7999.57,"2015-06-30":10286.93,"2015-03-31":9281.7,"2017-09-30":7373.25,"2015-12-31":5355.08,"2016-03-31":4736.13,"2017-12-31":13268.74,"2016-09-30":5758.72,"2015-09-30":666.21}],["OPM",{"2016-06-30":15.89,"2016-12-31":8.52,"2017-03-31":4.39,"2017-06-30":7.59,"2015-06-30":10.14,"2015-03-31":9.89,"2017-09-30":8.14,"2015-12-31":6.48,"2016-03-31":6.04,"2017-12-31":11.99,"2016-09-30":7.17,"2015-09-30":0.79}],["Other Income",{"2016-06-30":473.85,"2016-12-31":807.76,"2017-03-31":2059.34,"2017-06-30":1227.61,"2015-06-30":929.32,"2015-03-31":1361.34,"2017-09-30":587.76,"2015-12-31":1121.47,"2016-03-31":741.36,"2017-12-31":1353.43,"2016-09-30":867.63,"2015-09-30":898.5}],["Depreciation",{"2016-06-30":1435.0,"2016-12-31":1554.12,"2017-03-31":1729.04,"2017-06-30":1721.31,"2015-06-30":1161.85,"2015-03-31":1082.55,"2017-09-30":1697.0,"2015-12-31":1191.34,"2016-03-31":1317.07,"2017-12-31":1715.07,"2016-09-30":1504.81,"2015-09-30":1148.31}],["Interest",{"2016-06-30":680.04,"2016-12-31":996.67,"2017-03-31":1154.05,"2017-06-30":718.04,"2015-06-30":618.01,"2015-03-31":552.88,"2017-09-30":772.6,"2015-12-31":640.57,"2016-03-31":1073.34,"2017-12-31":654.91,"2016-09-30":614.67,"2015-09-30":757.97}],["Profit before tax",{"2016-06-30":12038.78,"2016-12-31":6190.73,"2017-03-31":3584.86,"2017-06-30":6787.83,"2015-06-30":9436.39,"2015-03-31":9007.61,"2017-09-30":5491.41,"2015-12-31":4644.64,"2016-03-31":3087.08,"2017-12-31":12252.19,"2016-09-30":4506.87,"2015-09-30":-341.57}],["Tax",{"2016-06-30":3769.8,"2016-12-31":2195.82,"2017-03-31":-135.76,"2017-06-30":2239.32,"2015-06-30":2845.56,"2015-03-31":2722.26,"2017-09-30":1795.12,"2015-12-31":1548.89,"2016-03-31":1081.19,"2017-12-31":4368.97,"2016-09-30":1384.98,"2015-09-30":108.67}],["Net Profit",{"2016-06-30":8268.98,"2016-12-31":3994.91,"2017-03-31":3720.62,"2017-06-30":4548.51,"2015-06-30":6590.83,"2015-03-31":6285.35,"2017-09-30":3696.29,"2015-12-31":3095.75,"2016-03-31":2005.89,"2017-12-31":7883.22,"2016-09-30":3121.89,"2015-09-30":-450.24}]]},"bse_code":"530965","short_name":"I O C L","nse_code":"IOC","companyrating_set":[{"rating__rating":"[ICRA]A1+","instrument":"Bank Loan Rating-Long Term","rating__source":"icra","link":"http://icra.in/search.aspx?word=Indian Oil Corporation Ltd"},{"rating__rating":"[ICRA]AAA(Stable)","instrument":"Corporate Debt Rating-Long Term","rating__source":"icra","link":"http://icra.in/search.aspx?word=Indian Oil Corporation Ltd"},{"rating__rating":"CRISIL AAA(Stable)","instrument":"Fund based limits","rating__source":"crisil","link":"http://www.crisil.com/ratings/company-wise-ratings.jsp?txtSearch=Indian Oil Corporation Ltd"},{"rating__rating":"IND AAA/IND AAA(exp)(Stable)","instrument":"Long Term Rating","rating__source":"fitch","link":"http://www.indiaratings.co.in/search/search.jsp?q=Indian Oil Corporation Ltd"},{"rating__rating":"CARE AAA","instrument":"LT InstrumentsBonds","rating__source":"care","link":"http://google.com/search?btnI=1&q=Indian Oil Corporation Ltd+site:careratings.com"},{"rating__rating":"CRISIL AAA(Stable)","instrument":"Non Convertible Debenture","rating__source":"crisil","link":"http://www.crisil.com/ratings/company-wise-ratings.jsp?txtSearch=Indian Oil Corporation Ltd"},{"rating__rating":"CRISIL A1+","instrument":"Non-Fund Based Limit","rating__source":"crisil","link":"http://www.crisil.com/ratings/company-wise-ratings.jsp?txtSearch=Indian Oil Corporation Ltd"},{"rating__rating":"CRISIL A1+","instrument":"Proposed Non Fund based limits","rating__source":"crisil","link":"http://www.crisil.com/ratings/company-wise-ratings.jsp?txtSearch=Indian Oil Corporation Ltd"},{"rating__rating":"CRISIL A1+","instrument":"Proposed Short Term Bank Facility","rating__source":"crisil","link":"http://www.crisil.com/ratings/company-wise-ratings.jsp?txtSearch=Indian Oil Corporation Ltd"}],"annualreport_set":[{"source":"bse","report_date":2017,"link":"http://www.bseindia.com/bseplus/AnnualReport/530965/5309650317.pdf"},{"source":"bse","report_date":2016,"link":"http://www.bseindia.com/bseplus/AnnualReport/530965/5309650316.pdf"},{"source":"bse","report_date":2015,"link":"http://www.bseindia.com/bseplus/AnnualReport/530965/5309650315.pdf"},{"source":"bse","report_date":2014,"link":"http://www.bseindia.com/bseplus/AnnualReport/530965/5309650314.pdf"},{"source":"bse","report_date":2013,"link":"http://www.bseindia.com/bseplus/annualreport/530965/5309650313.pdf"},{"source":"bse","report_date":2012,"link":"http://www.bseindia.com/bseplus/annualreport/530965/5309650312.PDF"},{"source":"bse","report_date":2011,"link":"http://www.bseindia.com/bseplus/annualreport/530965/5309650311.pdf"},{"source":"nse","report_date":2011,"link":"http://nseindia.com/annual_reports/AR_IOC_2010_2011_07092011101018.zip"},{"source":"bse","report_date":2010,"link":"http://www.bseindia.com/bseplus/annualreport/530965/5309650310.pdf"},{"source":"nse","report_date":2010,"link":"http://nseindia.com/annual_reports/AR_IOC_2009_2010_13062011050505.zip"}],"announcement_set":[{"ann_date":"06 Apr 2018","announcement":"Shareholding for the Period Ended March 31, 2018","link":"https://www.bseindia.com/corporates/anndet_new.aspx?newsid=b7ec4ae8-1025-435f-b162-113a802d1f66"},{"ann_date":"05 Apr 2018","announcement":"IndianOil acquires 17% participating interest in the Mukhaizna oil field, Oman from Shell","link":"https://www.bseindia.com/corporates/anndet_new.aspx?newsid=35d76f12-ac47-4983-93b3-06caff007a0d"},{"ann_date":"02 Apr 2018","announcement":"Announcement under Regulation 30 (LODR)-Change in Directorate","link":"https://www.bseindia.com/corporates/anndet_new.aspx?newsid=888a3563-20a7-4bb7-8953-40e1952dfb29"},{"ann_date":"29 Mar 2018","announcement":"Compliance With Regulation 30 Of The SEBI (Listing Obligations & Disclosure Requirements) Regulations 2015","link":"https://www.bseindia.com/corporates/anndet_new.aspx?newsid=dd1c220e-037f-4317-86f6-c2692accfc25"},{"ann_date":"23 Mar 2018","announcement":"Disclosure of Voting results of Postal Ballot (Regulation 44(3) of SEBI (LODR) Regulations, 2015)","link":"https://www.bseindia.com/corporates/anndet_new.aspx?newsid=f98968da-7fcf-4500-8377-f30ba6900c14"}],"warehouse_set":{"high_price":231.48,"low_price":164.35,"sales_growth":20.43,"current_price":174.25,"dividend_yield":5.45,"face_value":10.0,"id":801,"sales_growth_3years":-9.11,"profit_growth_5years":12.61,"average_return_on_equity_3years":14.13,"book_value":119.29,"status":"Active","pair_url":"/company/IOC/consolidated","sales_growth_10years":5.39,"average_return_on_equity_10years":13.45,"profit_growth":14.13,"market_capitalization":169228.29,"profit_growth_10years":11.44,"price_to_earning":8.53,"industry":"Oil Marketing & Distribution","analysis":{"remarks":[],"bad":["Promoter's stake has decreased","The company has delivered a poor growth of -2.02% over past five years."],"good":["Stock is providing a good dividend yield of 5.45%.","Company has been maintaining a healthy dividend payout of 39.94%"]},"result_type":"sa","profit_growth_3years":48.01,"sales_growth_5years":-2.02,"return_on_equity":20.31,"average_return_on_equity_5years":12.37},"id":1448,"name":"Indian Oil Corporation Ltd"}
