{"prime":"sa","number_set":{"balancesheet":[["Share Capital",{"2008-03-31":25.09,"2016-03-31":25.24,"2014-03-31":25.24,"2011-03-31":25.14,"2015-03-31":25.24,"2013-03-31":25.24,"2006-03-31":25.0,"2012-03-31":25.23,"2017-03-31":25.24,"2010-03-31":25.04,"2009-03-31":24.99,"2007-03-31":25.0}],["Reserves",{"2008-03-31":582.57,"2016-03-31":2257.81,"2014-03-31":1956.37,"2011-03-31":1028.72,"2015-03-31":2208.09,"2013-03-31":1544.61,"2006-03-31":360.89,"2012-03-31":1237.04,"2017-03-31":2449.88,"2010-03-31":849.82,"2009-03-31":613.52,"2007-03-31":461.02}],["Borrowings",{"2008-03-31":353.01,"2016-03-31":865.2,"2014-03-31":594.7,"2011-03-31":530.17,"2015-03-31":928.81,"2013-03-31":617.03,"2006-03-31":196.9,"2012-03-31":600.81,"2017-03-31":715.75,"2010-03-31":453.98,"2009-03-31":450.17,"2007-03-31":238.94}],["Other Liabilities",{"2008-03-31":216.48,"2016-03-31":812.03,"2014-03-31":647.78,"2011-03-31":334.32,"2015-03-31":671.17,"2013-03-31":527.77,"2006-03-31":168.66,"2012-03-31":471.83,"2017-03-31":834.98,"2010-03-31":296.89,"2009-03-31":281.74,"2007-03-31":262.81}],["Total Liabilities",{"2008-03-31":1177.15,"2016-03-31":3960.28,"2014-03-31":3224.09,"2011-03-31":1918.35,"2015-03-31":3833.31,"2013-03-31":2714.65,"2006-03-31":751.45,"2012-03-31":2334.85,"2017-03-31":4025.85,"2010-03-31":1625.73,"2009-03-31":1370.42,"2007-03-31":987.77}],["Fixed Assets",{"2008-03-31":413.43,"2016-03-31":1976.58,"2014-03-31":1306.11,"2011-03-31":697.82,"2015-03-31":1752.96,"2013-03-31":1075.33,"2006-03-31":343.8,"2012-03-31":912.82,"2017-03-31":1945.97,"2010-03-31":636.47,"2009-03-31":563.03,"2007-03-31":374.48}],["CWIP",{"2008-03-31":127.61,"2016-03-31":128.93,"2014-03-31":164.9,"2011-03-31":94.75,"2015-03-31":266.95,"2013-03-31":129.17,"2006-03-31":29.72,"2012-03-31":94.51,"2017-03-31":94.87,"2010-03-31":38.28,"2009-03-31":16.69,"2007-03-31":57.0}],["Investments",{"2008-03-31":31.91,"2016-03-31":97.43,"2014-03-31":28.9,"2011-03-31":48.94,"2015-03-31":81.86,"2013-03-31":21.94,"2006-03-31":13.93,"2012-03-31":42.8,"2017-03-31":211.58,"2010-03-31":49.42,"2009-03-31":57.03,"2007-03-31":24.92}],["Other Assets",{"2008-03-31":604.2,"2016-03-31":1757.34,"2014-03-31":1724.18,"2011-03-31":1076.84,"2015-03-31":1731.54,"2013-03-31":1488.21,"2006-03-31":364.0,"2012-03-31":1284.72,"2017-03-31":1773.43,"2010-03-31":901.56,"2009-03-31":733.67,"2007-03-31":531.37}],["Total Assets",{"2008-03-31":1177.15,"2016-03-31":3960.28,"2014-03-31":3224.09,"2011-03-31":1918.35,"2015-03-31":3833.31,"2013-03-31":2714.65,"2006-03-31":751.45,"2012-03-31":2334.85,"2017-03-31":4025.85,"2010-03-31":1625.73,"2009-03-31":1370.42,"2007-03-31":987.77}]],"annual":[["Sales",{"2008-03-31":1042.2,"2016-03-31":2843.06,"2014-03-31":3234.82,"2011-03-31":1881.1,"2015-03-31":3087.84,"2013-03-31":2778.42,"2006-03-31":749.05,"2012-03-31":2329.37,"2017-03-31":3156.66,"2010-03-31":1545.55,"2009-03-31":1265.32,"2007-03-31":909.14}],["Expenses",{"2008-03-31":882.98,"2016-03-31":2566.94,"2014-03-31":2498.67,"2011-03-31":1469.3,"2015-03-31":2556.39,"2013-03-31":2217.7,"2006-03-31":648.11,"2012-03-31":1865.81,"2017-03-31":2723.68,"2010-03-31":1236.59,"2009-03-31":1109.86,"2007-03-31":732.77}],["Operating Profit",{"2008-03-31":159.22,"2016-03-31":276.12,"2014-03-31":736.15,"2011-03-31":411.8,"2015-03-31":531.45,"2013-03-31":560.72,"2006-03-31":100.94,"2012-03-31":463.56,"2017-03-31":432.98,"2010-03-31":308.96,"2009-03-31":155.46,"2007-03-31":176.37}],["OPM",{"2008-03-31":15.28,"2016-03-31":9.71,"2014-03-31":22.76,"2011-03-31":21.89,"2015-03-31":17.21,"2013-03-31":20.18,"2006-03-31":13.48,"2012-03-31":19.9,"2017-03-31":13.72,"2010-03-31":19.99,"2009-03-31":12.29,"2007-03-31":19.4}],["Other Income",{"2008-03-31":73.48,"2016-03-31":27.67,"2014-03-31":21.43,"2011-03-31":8.51,"2015-03-31":32.56,"2013-03-31":18.66,"2006-03-31":14.09,"2012-03-31":12.92,"2017-03-31":22.21,"2010-03-31":41.43,"2009-03-31":34.57,"2007-03-31":23.92}],["Interest",{"2008-03-31":23.66,"2016-03-31":31.11,"2014-03-31":27.6,"2011-03-31":31.14,"2015-03-31":29.11,"2013-03-31":34.01,"2006-03-31":15.71,"2012-03-31":42.23,"2017-03-31":25.99,"2010-03-31":32.38,"2009-03-31":36.34,"2007-03-31":24.34}],["Depreciation",{"2008-03-31":32.21,"2016-03-31":161.23,"2014-03-31":100.89,"2011-03-31":55.43,"2015-03-31":177.17,"2013-03-31":84.0,"2006-03-31":20.98,"2012-03-31":65.31,"2017-03-31":171.0,"2010-03-31":46.33,"2009-03-31":39.28,"2007-03-31":24.76}],["Profit before tax",{"2008-03-31":176.83,"2016-03-31":111.45,"2014-03-31":629.09,"2011-03-31":333.74,"2015-03-31":357.73,"2013-03-31":461.37,"2006-03-31":78.34,"2012-03-31":368.94,"2017-03-31":258.2,"2010-03-31":271.68,"2009-03-31":114.41,"2007-03-31":151.19}],["Tax",{"2008-03-31":35.71,"2016-03-31":18.93,"2014-03-31":151.72,"2011-03-31":78.37,"2015-03-31":101.62,"2013-03-31":129.98,"2006-03-31":14.36,"2012-03-31":88.77,"2017-03-31":69.91,"2010-03-31":62.49,"2009-03-31":23.19,"2007-03-31":28.96}],["Net Profit",{"2008-03-31":141.12,"2016-03-31":92.52,"2014-03-31":477.37,"2011-03-31":255.37,"2015-03-31":256.11,"2013-03-31":331.39,"2006-03-31":63.98,"2012-03-31":280.17,"2017-03-31":188.29,"2010-03-31":209.19,"2009-03-31":91.22,"2007-03-31":122.23}],["EPS (unadj)",{"2008-03-31":54.89,"2016-03-31":7.13,"2014-03-31":36.98,"2011-03-31":19.79,"2015-03-31":20.09,"2013-03-31":25.6,"2006-03-31":24.82,"2012-03-31":21.74,"2017-03-31":14.92,"2010-03-31":16.24,"2009-03-31":34.63,"2007-03-31":47.72}],["Dividend Payout",{"2008-03-31":14.22,"2016-03-31":13.78,"2014-03-31":13.35,"2011-03-31":15.91,"2015-03-31":4.98,"2013-03-31":15.39,"2006-03-31":21.49,"2012-03-31":14.52,"2017-03-31":6.77,"2010-03-31":16.93,"2009-03-31":30.38,"2007-03-31":15.34}]],"cashflow":[["Cash from Operating Activity",{"2008-03-31":110.31,"2016-03-31":696.0,"2014-03-31":514.78,"2011-03-31":214.57,"2015-03-31":455.34,"2013-03-31":386.85,"2006-03-31":125.0,"2012-03-31":222.33,"2017-03-31":265.65,"2010-03-31":193.52,"2009-03-31":154.92,"2007-03-31":113.25}],["Cash from Investing Activity",{"2008-03-31":-145.3,"2016-03-31":-213.62,"2014-03-31":-362.07,"2011-03-31":-198.84,"2015-03-31":-685.71,"2013-03-31":-260.92,"2006-03-31":-77.91,"2012-03-31":-228.23,"2017-03-31":-139.9,"2010-03-31":-126.6,"2009-03-31":-105.96,"2007-03-31":-90.82}],["Cash from Financing Activity",{"2008-03-31":37.01,"2016-03-31":-414.16,"2014-03-31":-138.36,"2011-03-31":-16.8,"2015-03-31":254.99,"2013-03-31":-80.63,"2006-03-31":-47.59,"2012-03-31":6.49,"2017-03-31":-156.39,"2010-03-31":-64.47,"2009-03-31":-50.71,"2007-03-31":-20.53}],["Net Cash Flow",{"2008-03-31":2.02,"2016-03-31":68.22,"2014-03-31":14.35,"2011-03-31":-1.07,"2015-03-31":24.62,"2013-03-31":45.3,"2006-03-31":-0.5,"2012-03-31":0.59,"2017-03-31":-30.64,"2010-03-31":2.45,"2009-03-31":-1.75,"2007-03-31":1.9}]],"quarters":[["Sales",{"2016-06-30":854.67,"2016-12-31":750.21,"2017-03-31":665.8,"2017-06-30":712.96,"2015-06-30":756.09,"2015-03-31":630.63,"2017-09-30":864.29,"2015-12-31":685.85,"2016-03-31":628.18,"2017-12-31":859.21,"2016-09-30":884.41,"2015-09-30":746.84}],["Expenses",{"2016-06-30":734.69,"2016-12-31":644.28,"2017-03-31":598.14,"2017-06-30":691.44,"2015-06-30":686.71,"2015-03-31":593.75,"2017-09-30":715.26,"2015-12-31":597.13,"2016-03-31":573.09,"2017-12-31":698.01,"2016-09-30":749.22,"2015-09-30":686.42}],["Operating Profit",{"2016-06-30":119.98,"2016-12-31":105.93,"2017-03-31":67.66,"2017-06-30":21.52,"2015-06-30":69.38,"2015-03-31":36.88,"2017-09-30":149.03,"2015-12-31":88.72,"2016-03-31":55.09,"2017-12-31":161.2,"2016-09-30":135.19,"2015-09-30":60.42}],["OPM",{"2016-06-30":14.04,"2016-12-31":14.12,"2017-03-31":10.16,"2017-06-30":3.02,"2015-06-30":9.18,"2015-03-31":5.85,"2017-09-30":17.24,"2015-12-31":12.94,"2016-03-31":8.77,"2017-12-31":18.76,"2016-09-30":15.29,"2015-09-30":8.09}],["Other Income",{"2016-06-30":4.87,"2016-12-31":5.93,"2017-03-31":5.22,"2017-06-30":6.18,"2015-06-30":5.7,"2015-03-31":33.62,"2017-09-30":11.0,"2015-12-31":4.83,"2016-03-31":11.58,"2017-12-31":10.97,"2016-09-30":6.19,"2015-09-30":5.56}],["Depreciation",{"2016-06-30":42.15,"2016-12-31":43.15,"2017-03-31":42.78,"2017-06-30":43.34,"2015-06-30":39.99,"2015-03-31":44.4,"2017-09-30":44.05,"2015-12-31":39.99,"2016-03-31":44.38,"2017-12-31":43.82,"2016-09-30":42.92,"2015-09-30":36.87}],["Interest",{"2016-06-30":6.13,"2016-12-31":5.13,"2017-03-31":4.4,"2017-06-30":5.58,"2015-06-30":5.75,"2015-03-31":8.27,"2017-09-30":6.39,"2015-12-31":8.94,"2016-03-31":6.62,"2017-12-31":5.6,"2016-09-30":6.11,"2015-09-30":7.29}],["Profit before tax",{"2016-06-30":76.57,"2016-12-31":63.58,"2017-03-31":25.7,"2017-06-30":-21.22,"2015-06-30":29.34,"2015-03-31":17.83,"2017-09-30":109.59,"2015-12-31":44.62,"2016-03-31":15.67,"2017-12-31":122.75,"2016-09-30":92.35,"2015-09-30":21.82}],["Tax",{"2016-06-30":29.0,"2016-12-31":22.2,"2017-03-31":-18.69,"2017-06-30":-0.97,"2015-06-30":8.42,"2015-03-31":1.29,"2017-09-30":13.12,"2015-12-31":18.3,"2016-03-31":-17.27,"2017-12-31":17.17,"2016-09-30":37.4,"2015-09-30":9.48}],["Net Profit",{"2016-06-30":47.57,"2016-12-31":41.38,"2017-03-31":44.39,"2017-06-30":-20.25,"2015-06-30":20.92,"2015-03-31":16.54,"2017-09-30":96.47,"2015-12-31":26.32,"2016-03-31":32.94,"2017-12-31":105.58,"2016-09-30":54.95,"2015-09-30":12.34}]]},"bse_code":"524494","short_name":"Ipca Labs.","nse_code":"IPCALAB","companyrating_set":[{"rating__rating":"CRISIL AA(Stable)","instrument":"Cash Credit Limit","rating__source":"crisil","link":"http://www.crisil.com/ratings/company-wise-ratings.jsp?txtSearch=Ipca Laboratories Ltd"},{"rating__rating":"CRISIL AA(Stable)","instrument":"Non Convertible Debenture","rating__source":"crisil","link":"http://www.crisil.com/ratings/company-wise-ratings.jsp?txtSearch=Ipca Laboratories Ltd"},{"rating__rating":"CRISIL A1+","instrument":"Short Term Debt","rating__source":"crisil","link":"http://www.crisil.com/ratings/company-wise-ratings.jsp?txtSearch=Ipca Laboratories Ltd"}],"annualreport_set":[{"source":"bse","report_date":2017,"link":"http://www.bseindia.com/bseplus/AnnualReport/524494/5244940317.pdf"},{"source":"bse","report_date":2016,"link":"http://www.bseindia.com/bseplus/AnnualReport/524494/5244940316.pdf"},{"source":"bse","report_date":2015,"link":"http://www.bseindia.com/bseplus/AnnualReport/524494/5244940315.pdf"},{"source":"bse","report_date":2014,"link":"http://www.bseindia.com/bseplus/AnnualReport/524494/5244940314.pdf"},{"source":"bse","report_date":2013,"link":"http://www.bseindia.com/bseplus/annualreport/524494/5244940313.pdf"},{"source":"nse","report_date":2012,"link":"http://nseindia.com/annual_reports/AR_IPCALAB_2011_2012_04072012103654.zip"},{"source":"bse","report_date":2011,"link":"http://www.bseindia.com/bseplus/annualreport/524494/5244940311.pdf"},{"source":"nse","report_date":2011,"link":"http://nseindia.com/annual_reports/AR_IPCALAB_2010_2011_12072011103003.zip"},{"source":"bse","report_date":2010,"link":"http://www.bseindia.com/bseplus/annualreport/524494/5244940310.pdf"},{"source":"nse","report_date":2010,"link":"http://nseindia.com/annual_reports/AR_IPCALAB_2009_2010_18082010121500.zip"}],"announcement_set":[{"ann_date":"22 Mar 2018","announcement":"Announcement under Regulation 30 (LODR)-Credit Rating","link":"https://www.bseindia.com/corporates/anndet_new.aspx?newsid=9182fce9-f101-40db-90b7-010b5f8f2164"},{"ann_date":"07 Feb 2018","announcement":"Financial Results For The 3Rd Quarter And Nine Months Ended Dec 31, 2017","link":"http://www.bseindia.com/corporates/anndet_new.aspx?newsid=1c564338-7070-4b45-a2e8-75dcc1ef3b6f"},{"ann_date":"31 Jan 2018","announcement":"Analyst / Investor Meet - Intimation","link":"http://www.bseindia.com/corporates/anndet_new.aspx?newsid=d8bb63a2-c7e8-4f28-b624-3ed49b9a1e71"},{"ann_date":"22 Jan 2018","announcement":"Board Meeting On 7Th February 2018","link":"http://www.bseindia.com/corporates/anndet_new.aspx?newsid=8b44f4e7-cba1-4679-9ac7-f9c476291c05"},{"ann_date":"17 Jan 2018","announcement":"Acquisition","link":"http://www.bseindia.com/corporates/anndet_new.aspx?newsid=ea620134-8a4d-4e20-9f4d-4608c2c6d39b"}],"warehouse_set":{"high_price":695.9,"low_price":400.0,"sales_growth":-0.49,"current_price":673.2,"dividend_yield":0.15,"face_value":2.0,"id":967,"sales_growth_3years":-0.81,"profit_growth_5years":-7.96,"average_return_on_equity_3years":7.86,"book_value":210.53,"status":"Active","pair_url":"/company/IPCALAB/consolidated","sales_growth_10years":13.1,"average_return_on_equity_10years":16.71,"profit_growth":27.91,"market_capitalization":8495.78,"profit_growth_10years":3.02,"price_to_earning":37.56,"industry":"Pharmaceuticals","analysis":{"remarks":[],"bad":["Stock is trading at 3.20 times its book value","The company has delivered a poor growth of 6.27% over past five years.","Company has a low return on equity of 7.86% for last 3 years.","Company might be capitalizing the interest cost","Dividend payout has been low at 7.12% of profits over last 3 years"],"good":[]},"result_type":"sa","profit_growth_3years":-26.94,"sales_growth_5years":6.27,"return_on_equity":7.8,"average_return_on_equity_5years":13.69},"id":1540,"name":"Ipca Laboratories Ltd"}
