{"prime":"con","number_set":{"balancesheet":[["Share Capital",{"2008-03-31":332.36,"2016-03-31":351.45,"2014-03-31":332.36,"2011-03-31":332.36,"2015-03-31":351.45,"2013-03-31":332.36,"2006-03-31":133.3,"2012-03-31":332.36,"2017-03-31":351.45,"2010-03-31":332.36,"2009-03-31":332.36,"2007-03-31":247.27}],["Reserves",{"2008-03-31":1026.02,"2016-03-31":2020.91,"2014-03-31":1394.26,"2011-03-31":1078.5,"2015-03-31":1798.32,"2013-03-31":1239.0,"2006-03-31":8.45,"2012-03-31":1184.61,"2017-03-31":2153.91,"2010-03-31":1038.19,"2009-03-31":1032.21,"2007-03-31":15.27}],["Borrowings",{"2008-03-31":16.88,"2016-03-31":2920.64,"2014-03-31":2194.52,"2011-03-31":1240.91,"2015-03-31":2529.66,"2013-03-31":1685.25,"2006-03-31":0.0,"2012-03-31":1800.99,"2017-03-31":3646.16,"2010-03-31":653.79,"2009-03-31":137.18,"2007-03-31":278.12}],["Other Liabilities",{"2008-03-31":8.53,"2016-03-31":2561.96,"2014-03-31":1994.85,"2011-03-31":632.29,"2015-03-31":2467.06,"2013-03-31":1467.89,"2006-03-31":8.31,"2012-03-31":1168.34,"2017-03-31":2860.95,"2010-03-31":556.99,"2009-03-31":21.81,"2007-03-31":17.21}],["Total Liabilities",{"2008-03-31":1383.79,"2016-03-31":7854.96,"2014-03-31":5915.99,"2011-03-31":3284.06,"2015-03-31":7146.49,"2013-03-31":4724.5,"2006-03-31":150.06,"2012-03-31":4486.3,"2017-03-31":9012.47,"2010-03-31":2581.33,"2009-03-31":1523.56,"2007-03-31":557.87}],["Fixed Assets",{"2008-03-31":0.0,"2016-03-31":0.0,"2014-03-31":0.0,"2011-03-31":0.0,"2015-03-31":0.0,"2013-03-31":0.0,"2006-03-31":0.0,"2012-03-31":0.0,"2017-03-31":0.0,"2010-03-31":0.0,"2009-03-31":0.0,"2007-03-31":0.0}],["CWIP",{"2008-03-31":0.0,"2016-03-31":0.0,"2014-03-31":0.0,"2011-03-31":0.0,"2015-03-31":0.0,"2013-03-31":0.0,"2006-03-31":0.0,"2012-03-31":0.0,"2017-03-31":0.0,"2010-03-31":0.0,"2009-03-31":0.0,"2007-03-31":0.0}],["Investments",{"2008-03-31":609.03,"2016-03-31":2501.9,"2014-03-31":1867.35,"2011-03-31":982.26,"2015-03-31":2316.73,"2013-03-31":1640.92,"2006-03-31":134.94,"2012-03-31":1383.0,"2017-03-31":1964.85,"2010-03-31":922.09,"2009-03-31":855.02,"2007-03-31":268.23}],["Other Assets",{"2008-03-31":774.76,"2016-03-31":5353.06,"2014-03-31":4048.64,"2011-03-31":2301.8,"2015-03-31":4829.76,"2013-03-31":3083.58,"2006-03-31":15.12,"2012-03-31":3103.3,"2017-03-31":7047.62,"2010-03-31":1659.24,"2009-03-31":668.54,"2007-03-31":289.64}],["Total Assets",{"2008-03-31":1383.79,"2016-03-31":7854.96,"2014-03-31":5915.99,"2011-03-31":3284.06,"2015-03-31":7146.49,"2013-03-31":4724.5,"2006-03-31":150.06,"2012-03-31":4486.3,"2017-03-31":9012.47,"2010-03-31":2581.33,"2009-03-31":1523.56,"2007-03-31":557.87}]],"annual":[["Sales",{"2008-03-31":0.07,"2016-03-31":2767.54,"2014-03-31":2212.24,"2011-03-31":267.59,"2015-03-31":1955.71,"2013-03-31":2032.41,"2006-03-31":7.99,"2012-03-31":1249.81,"2017-03-31":3412.54,"2010-03-31":0.1,"2009-03-31":0.09,"2007-03-31":1.02}],["Expenses",{"2008-03-31":6.21,"2016-03-31":2531.62,"2014-03-31":1983.29,"2011-03-31":222.75,"2015-03-31":1754.45,"2013-03-31":1817.64,"2006-03-31":9.54,"2012-03-31":1110.49,"2017-03-31":3038.29,"2010-03-31":14.72,"2009-03-31":10.66,"2007-03-31":2.32}],["Operating Profit",{"2008-03-31":-6.14,"2016-03-31":235.92,"2014-03-31":228.95,"2011-03-31":44.84,"2015-03-31":201.26,"2013-03-31":214.77,"2006-03-31":-1.55,"2012-03-31":139.32,"2017-03-31":374.25,"2010-03-31":-14.62,"2009-03-31":-10.57,"2007-03-31":-1.3}],["OPM",{"2008-03-31":-8771.43,"2016-03-31":8.52,"2014-03-31":10.35,"2011-03-31":16.76,"2015-03-31":10.29,"2013-03-31":10.57,"2006-03-31":-19.4,"2012-03-31":11.15,"2017-03-31":10.97,"2010-03-31":-14620.0,"2009-03-31":-11744.44,"2007-03-31":-127.45}],["Other Income",{"2008-03-31":41.22,"2016-03-31":393.32,"2014-03-31":296.33,"2011-03-31":85.39,"2015-03-31":243.6,"2013-03-31":213.47,"2006-03-31":9.92,"2012-03-31":146.14,"2017-03-31":223.41,"2010-03-31":76.59,"2009-03-31":71.47,"2007-03-31":10.39}],["Interest",{"2008-03-31":29.09,"2016-03-31":280.39,"2014-03-31":213.52,"2011-03-31":27.93,"2015-03-31":271.12,"2013-03-31":197.78,"2006-03-31":0.0,"2012-03-31":77.25,"2017-03-31":305.73,"2010-03-31":7.01,"2009-03-31":2.99,"2007-03-31":0.56}],["Depreciation",{"2008-03-31":0.0,"2016-03-31":0.0,"2014-03-31":0.0,"2011-03-31":0.0,"2015-03-31":0.0,"2013-03-31":0.0,"2006-03-31":0.0,"2012-03-31":0.0,"2017-03-31":0.0,"2010-03-31":0.0,"2009-03-31":0.0,"2007-03-31":0.0}],["Profit before tax",{"2008-03-31":5.99,"2016-03-31":348.84,"2014-03-31":311.76,"2011-03-31":102.3,"2015-03-31":173.73,"2013-03-31":230.48,"2006-03-31":8.37,"2012-03-31":208.21,"2017-03-31":291.93,"2010-03-31":54.96,"2009-03-31":57.91,"2007-03-31":8.53}],["Tax",{"2008-03-31":0.07,"2016-03-31":56.8,"2014-03-31":23.55,"2011-03-31":12.14,"2015-03-31":35.4,"2013-03-31":43.14,"2006-03-31":0.21,"2012-03-31":42.28,"2017-03-31":88.69,"2010-03-31":-0.88,"2009-03-31":0.56,"2007-03-31":1.7}],["Net Profit",{"2008-03-31":5.92,"2016-03-31":292.04,"2014-03-31":288.21,"2011-03-31":90.16,"2015-03-31":138.33,"2013-03-31":187.34,"2006-03-31":8.16,"2012-03-31":165.93,"2017-03-31":203.24,"2010-03-31":55.84,"2009-03-31":57.35,"2007-03-31":6.83}],["EPS (unadj)",{"2008-03-31":0.18,"2016-03-31":8.31,"2014-03-31":8.67,"2011-03-31":2.71,"2015-03-31":3.94,"2013-03-31":5.64,"2006-03-31":6.12,"2012-03-31":4.99,"2017-03-31":5.78,"2010-03-31":1.68,"2009-03-31":1.73,"2007-03-31":2.76}],["Dividend Payout",{"2008-03-31":0.0,"2016-03-31":48.14,"2014-03-31":46.13,"2011-03-31":55.3,"2015-03-31":101.63,"2013-03-31":70.96,"2006-03-31":0.0,"2012-03-31":36.05,"2017-03-31":86.46,"2010-03-31":89.28,"2009-03-31":86.93,"2007-03-31":0.0}]],"cashflow":[["Cash from Operating Activity",{"2008-03-31":-8.4,"2016-03-31":536.02,"2014-03-31":513.9,"2011-03-31":-38.07,"2015-03-31":647.93,"2013-03-31":494.47,"2006-03-31":86.93,"2012-03-31":852.66,"2017-03-31":619.83,"2010-03-31":224.96,"2009-03-31":-8.61,"2007-03-31":-1.71}],["Cash from Investing Activity",{"2008-03-31":-782.91,"2016-03-31":-436.54,"2014-03-31":-684.22,"2011-03-31":-462.32,"2015-03-31":-1087.21,"2013-03-31":-185.42,"2006-03-31":-103.13,"2012-03-31":-235.25,"2017-03-31":-1031.59,"2010-03-31":-680.9,"2009-03-31":-83.51,"2007-03-31":-389.25}],["Cash from Financing Activity",{"2008-03-31":804.9,"2016-03-31":-63.61,"2014-03-31":135.92,"2011-03-31":513.18,"2015-03-31":430.07,"2013-03-31":-408.91,"2006-03-31":25.96,"2012-03-31":-519.24,"2017-03-31":382.37,"2010-03-31":495.63,"2009-03-31":80.51,"2007-03-31":381.59}],["Net Cash Flow",{"2008-03-31":13.59,"2016-03-31":35.87,"2014-03-31":-34.4,"2011-03-31":12.79,"2015-03-31":-9.22,"2013-03-31":-99.86,"2006-03-31":9.76,"2012-03-31":98.17,"2017-03-31":-29.39,"2010-03-31":39.69,"2009-03-31":-11.61,"2007-03-31":-9.37}]],"quarters":[["Sales",{"2016-06-30":888.25,"2016-12-31":799.25,"2017-03-31":1009.79,"2017-06-30":671.06,"2015-06-30":475.05,"2015-03-31":486.0,"2017-09-30":760.78,"2015-12-31":803.5,"2016-03-31":859.24,"2017-12-31":763.13,"2016-09-30":715.25,"2015-09-30":629.75}],["Expenses",{"2016-06-30":814.82,"2016-12-31":750.79,"2017-03-31":801.79,"2017-06-30":624.44,"2015-06-30":423.93,"2015-03-31":437.61,"2017-09-30":688.51,"2015-12-31":729.9,"2016-03-31":809.47,"2017-12-31":637.59,"2016-09-30":673.04,"2015-09-30":570.51}],["Operating Profit",{"2016-06-30":73.43,"2016-12-31":48.46,"2017-03-31":208.0,"2017-06-30":46.62,"2015-06-30":51.12,"2015-03-31":48.39,"2017-09-30":72.27,"2015-12-31":73.6,"2016-03-31":49.77,"2017-12-31":125.54,"2016-09-30":42.21,"2015-09-30":59.24}],["OPM",{"2016-06-30":8.27,"2016-12-31":6.06,"2017-03-31":20.6,"2017-06-30":6.95,"2015-06-30":10.76,"2015-03-31":9.96,"2017-09-30":9.5,"2015-12-31":9.16,"2016-03-31":5.79,"2017-12-31":16.45,"2016-09-30":5.9,"2015-09-30":9.41}],["Other Income",{"2016-06-30":39.09,"2016-12-31":38.39,"2017-03-31":104.61,"2017-06-30":138.04,"2015-06-30":117.16,"2015-03-31":43.97,"2017-09-30":122.82,"2015-12-31":117.52,"2016-03-31":113.28,"2017-12-31":39.52,"2016-09-30":41.31,"2015-09-30":45.35}],["Depreciation",{"2016-06-30":0.0,"2016-12-31":0.0,"2017-03-31":0.0,"2017-06-30":0.0,"2015-06-30":0.0,"2015-03-31":0.0,"2017-09-30":0.0,"2015-12-31":0.0,"2016-03-31":0.0,"2017-12-31":0.0,"2016-09-30":0.0,"2015-09-30":0.0}],["Interest",{"2016-06-30":68.63,"2016-12-31":86.16,"2017-03-31":72.12,"2017-06-30":59.97,"2015-06-30":70.31,"2015-03-31":74.02,"2017-09-30":61.08,"2015-12-31":71.93,"2016-03-31":64.85,"2017-12-31":51.54,"2016-09-30":76.68,"2015-09-30":71.11}],["Profit before tax",{"2016-06-30":43.88,"2016-12-31":0.71,"2017-03-31":240.49,"2017-06-30":124.69,"2015-06-30":97.97,"2015-03-31":18.34,"2017-09-30":134.02,"2015-12-31":119.2,"2016-03-31":98.2,"2017-12-31":113.52,"2016-09-30":6.85,"2015-09-30":33.47}],["Tax",{"2016-06-30":17.61,"2016-12-31":0.61,"2017-03-31":71.76,"2017-06-30":4.69,"2015-06-30":11.83,"2015-03-31":6.01,"2017-09-30":13.24,"2015-12-31":19.23,"2016-03-31":12.09,"2017-12-31":38.06,"2016-09-30":-1.28,"2015-09-30":13.66}],["Net Profit",{"2016-06-30":26.27,"2016-12-31":0.1,"2017-03-31":168.74,"2017-06-30":120.0,"2015-06-30":86.15,"2015-03-31":12.33,"2017-09-30":120.78,"2015-12-31":99.97,"2016-03-31":86.11,"2017-12-31":75.45,"2016-09-30":8.13,"2015-09-30":19.81}]]},"bse_code":"532947","short_name":"IRB Infra.Devl.","nse_code":"IRB","companyrating_set":[{"rating__rating":"CARE AA- (SO)","instrument":"Bank FacilitiesFund Based - LT","rating__source":"care","link":"http://google.com/search?btnI=1&q=IRB Infrastructure Developers Ltd+site:careratings.com"},{"rating__rating":"IND A-/IND AA- (SO)(Stable)","instrument":"Long Term Rating","rating__source":"fitch","link":"http://www.indiaratings.co.in/search/search.jsp?q=IRB Infrastructure Developers Ltd"},{"rating__rating":"IND A1(Stable)","instrument":"Short Term","rating__source":"fitch","link":"http://www.indiaratings.co.in/search/search.jsp?q=IRB Infrastructure Developers Ltd"}],"annualreport_set":[{"source":"bse","report_date":2017,"link":"http://www.bseindia.com/bseplus/AnnualReport/532947/5329470317.pdf"},{"source":"bse","report_date":2016,"link":"http://www.bseindia.com/bseplus/AnnualReport/532947/5329470316.pdf"},{"source":"bse","report_date":2015,"link":"http://www.bseindia.com/bseplus/AnnualReport/532947/5329470315.pdf"},{"source":"bse","report_date":2014,"link":"http://www.bseindia.com/bseplus/AnnualReport/532947/5329470314.pdf"},{"source":"bse","report_date":2013,"link":"http://www.bseindia.com/bseplus/annualreport/532947/5329470313.pdf"},{"source":"bse","report_date":2012,"link":"http://www.bseindia.com/bseplus/annualreport/532947/5329470312.PDF"},{"source":"bse","report_date":2011,"link":"http://www.bseindia.com/bseplus/annualreport/532947/5329470311.pdf"},{"source":"nse","report_date":2011,"link":"http://nseindia.com/annual_reports/AR_IRB_2010_2011_08082011101111.zip"},{"source":"bse","report_date":2010,"link":"http://www.bseindia.com/bseplus/annualreport/532947/5329470310.pdf"}],"announcement_set":[{"ann_date":"02 Apr 2018","announcement":"Announcement Under Regulation 30 (LODR) - Updates","link":"https://www.bseindia.com/corporates/anndet_new.aspx?newsid=e12d5ab7-4ab3-4c73-8ff0-95bf2d93d83d"},{"ann_date":"30 Mar 2018","announcement":"Announcement under Regulation 30 (LODR)-Change in Registered Office Address","link":"https://www.bseindia.com/corporates/anndet_new.aspx?newsid=fbde048a-b87a-4651-b9f9-a251f7ea73be"},{"ann_date":"28 Mar 2018","announcement":"Announcement Under Regulation 30 (LODR) - Update","link":"https://www.bseindia.com/corporates/anndet_new.aspx?newsid=8700c4d8-9f88-4956-b615-3bec99e100a2"},{"ann_date":"22 Mar 2018","announcement":"Announcement Under Regulation 30(LODR)-Update","link":"https://www.bseindia.com/corporates/anndet_new.aspx?newsid=4fa7f13e-fb12-4bc6-8cc7-732c72de47e6"},{"ann_date":"22 Mar 2018","announcement":"Announcement Under Regulation 30(LODR)-Update","link":"https://www.bseindia.com/corporates/anndet_new.aspx?newsid=a174046b-b212-4a62-903e-07a0983a52f5"}],"warehouse_set":{"high_price":272.65,"low_price":193.5,"sales_growth":-1.75,"current_price":244.4,"dividend_yield":2.05,"face_value":10.0,"id":536,"sales_growth_3years":15.54,"profit_growth_5years":3.93,"average_return_on_equity_3years":9.48,"book_value":80.28,"status":"Active","pair_url":"/company/IRB/consolidated","sales_growth_10years":231.77,"average_return_on_equity_10years":8.37,"profit_growth":302.1,"market_capitalization":8589.44,"profit_growth_10years":52.69,"price_to_earning":17.71,"industry":"Roads & Highways","analysis":{"remarks":[],"bad":["Company has a low return on equity of 9.48% for last 3 years.","Contingent liabilities of Rs.5988.64 Cr.","Earnings include an other income of Rs.404.99 Cr."],"good":["Company has been maintaining a healthy dividend payout of 72.11%"]},"result_type":"sa","profit_growth_3years":-11.28,"sales_growth_5years":22.25,"return_on_equity":8.25,"average_return_on_equity_5years":11.22},"id":1542,"name":"IRB Infrastructure Developers Ltd"}
