{"prime":"con","number_set":{"balancesheet":[["Share Capital",{"2008-03-31":514.76,"2016-03-31":1626.79,"2014-03-31":1640.05,"2011-03-31":1640.05,"2015-03-31":1640.05,"2013-03-31":1640.05,"2006-03-31":289.0,"2012-03-31":1640.05,"2017-03-31":1627.95,"2010-03-31":1640.05,"2009-03-31":546.57,"2007-03-31":346.8}],["Reserves",{"2008-03-31":755.99,"2016-03-31":6965.34,"2014-03-31":5362.62,"2011-03-31":4385.34,"2015-03-31":5953.74,"2013-03-31":5133.19,"2006-03-31":692.41,"2012-03-31":4518.67,"2017-03-31":6765.61,"2010-03-31":3726.57,"2009-03-31":1418.29,"2007-03-31":789.71}],["Borrowings",{"2008-03-31":850.12,"2016-03-31":5024.66,"2014-03-31":4939.05,"2011-03-31":5469.06,"2015-03-31":4231.96,"2013-03-31":5409.82,"2006-03-31":438.31,"2012-03-31":5367.76,"2017-03-31":3464.07,"2010-03-31":2105.18,"2009-03-31":2331.14,"2007-03-31":616.96}],["Other Liabilities",{"2008-03-31":396.44,"2016-03-31":3387.85,"2014-03-31":2330.74,"2011-03-31":1541.94,"2015-03-31":2191.86,"2013-03-31":2930.75,"2006-03-31":211.73,"2012-03-31":2916.23,"2017-03-31":3590.82,"2010-03-31":800.19,"2009-03-31":415.91,"2007-03-31":221.49}],["Total Liabilities",{"2008-03-31":2517.31,"2016-03-31":17004.64,"2014-03-31":14272.46,"2011-03-31":13036.39,"2015-03-31":14017.61,"2013-03-31":15113.81,"2006-03-31":1631.45,"2012-03-31":14442.71,"2017-03-31":15448.45,"2010-03-31":8271.99,"2009-03-31":4711.91,"2007-03-31":1974.96}],["Fixed Assets",{"2008-03-31":617.27,"2016-03-31":5414.79,"2014-03-31":6909.33,"2011-03-31":4724.59,"2015-03-31":6814.14,"2013-03-31":6946.02,"2006-03-31":716.19,"2012-03-31":6915.27,"2017-03-31":5189.86,"2010-03-31":2264.72,"2009-03-31":568.05,"2007-03-31":666.75}],["CWIP",{"2008-03-31":152.46,"2016-03-31":282.06,"2014-03-31":467.25,"2011-03-31":2743.16,"2015-03-31":256.04,"2013-03-31":791.19,"2006-03-31":9.7,"2012-03-31":801.05,"2017-03-31":474.85,"2010-03-31":173.91,"2009-03-31":1879.61,"2007-03-31":0.21}],["Investments",{"2008-03-31":1411.77,"2016-03-31":6668.75,"2014-03-31":2934.07,"2011-03-31":2287.0,"2015-03-31":3672.32,"2013-03-31":2895.1,"2006-03-31":347.63,"2012-03-31":2488.22,"2017-03-31":5366.16,"2010-03-31":4310.41,"2009-03-31":1939.94,"2007-03-31":740.51}],["Other Assets",{"2008-03-31":335.81,"2016-03-31":4639.04,"2014-03-31":3961.81,"2011-03-31":3281.64,"2015-03-31":3275.11,"2013-03-31":4481.5,"2006-03-31":557.93,"2012-03-31":4238.17,"2017-03-31":4417.58,"2010-03-31":1522.95,"2009-03-31":324.31,"2007-03-31":567.49}],["Total Assets",{"2008-03-31":2517.31,"2016-03-31":17004.64,"2014-03-31":14272.46,"2011-03-31":13036.39,"2015-03-31":14017.61,"2013-03-31":15113.81,"2006-03-31":1631.45,"2012-03-31":14442.71,"2017-03-31":15448.45,"2010-03-31":8271.99,"2009-03-31":4711.91,"2007-03-31":1974.96}]],"annual":[["Sales",{"2008-03-31":1573.95,"2016-03-31":5862.63,"2014-03-31":5802.61,"2011-03-31":3869.05,"2015-03-31":6331.95,"2013-03-31":6396.45,"2006-03-31":541.83,"2012-03-31":5016.42,"2017-03-31":4040.97,"2010-03-31":2372.87,"2009-03-31":1591.04,"2007-03-31":779.42}],["Expenses",{"2008-03-31":466.37,"2016-03-31":3700.03,"2014-03-31":4168.04,"2011-03-31":2339.17,"2015-03-31":4263.5,"2013-03-31":4460.66,"2006-03-31":300.18,"2012-03-31":3953.81,"2017-03-31":3135.7,"2010-03-31":1085.06,"2009-03-31":746.97,"2007-03-31":323.15}],["Operating Profit",{"2008-03-31":1107.58,"2016-03-31":2162.6,"2014-03-31":1634.57,"2011-03-31":1529.88,"2015-03-31":2068.45,"2013-03-31":1935.79,"2006-03-31":241.65,"2012-03-31":1062.61,"2017-03-31":905.27,"2010-03-31":1287.81,"2009-03-31":844.07,"2007-03-31":456.27}],["OPM",{"2008-03-31":70.37,"2016-03-31":36.89,"2014-03-31":28.17,"2011-03-31":39.54,"2015-03-31":32.67,"2013-03-31":30.26,"2006-03-31":44.6,"2012-03-31":21.18,"2017-03-31":22.4,"2010-03-31":54.27,"2009-03-31":53.05,"2007-03-31":58.54}],["Other Income",{"2008-03-31":30.76,"2016-03-31":398.08,"2014-03-31":262.79,"2011-03-31":112.1,"2015-03-31":293.7,"2013-03-31":304.78,"2006-03-31":7.05,"2012-03-31":114.02,"2017-03-31":328.55,"2010-03-31":68.16,"2009-03-31":2.94,"2007-03-31":32.83}],["Interest",{"2008-03-31":88.53,"2016-03-31":644.08,"2014-03-31":627.55,"2011-03-31":341.0,"2015-03-31":585.64,"2013-03-31":571.8,"2006-03-31":49.74,"2012-03-31":508.16,"2017-03-31":533.04,"2010-03-31":262.3,"2009-03-31":120.28,"2007-03-31":62.89}],["Depreciation",{"2008-03-31":58.56,"2016-03-31":353.52,"2014-03-31":452.85,"2011-03-31":211.61,"2015-03-31":420.83,"2013-03-31":424.94,"2006-03-31":57.96,"2012-03-31":377.22,"2017-03-31":363.9,"2010-03-31":124.32,"2009-03-31":59.63,"2007-03-31":58.29}],["Profit before tax",{"2008-03-31":991.25,"2016-03-31":1563.08,"2014-03-31":816.96,"2011-03-31":1089.37,"2015-03-31":1355.68,"2013-03-31":1243.83,"2006-03-31":141.0,"2012-03-31":291.25,"2017-03-31":336.88,"2010-03-31":969.35,"2009-03-31":667.1,"2007-03-31":367.92}],["Tax",{"2008-03-31":135.28,"2016-03-31":381.01,"2014-03-31":214.48,"2011-03-31":203.76,"2015-03-31":361.13,"2013-03-31":250.8,"2006-03-31":22.22,"2012-03-31":56.61,"2017-03-31":142.13,"2010-03-31":122.68,"2009-03-31":89.02,"2007-03-31":48.69}],["Net Profit",{"2008-03-31":855.97,"2016-03-31":1182.07,"2014-03-31":602.48,"2011-03-31":885.61,"2015-03-31":994.55,"2013-03-31":993.03,"2006-03-31":118.78,"2012-03-31":234.64,"2017-03-31":194.75,"2010-03-31":846.67,"2009-03-31":578.08,"2007-03-31":319.23}],["EPS (unadj)",{"2008-03-31":16.29,"2016-03-31":7.27,"2014-03-31":3.33,"2011-03-31":5.24,"2015-03-31":5.66,"2013-03-31":5.71,"2006-03-31":4.11,"2012-03-31":1.35,"2017-03-31":1.2,"2010-03-31":5.04,"2009-03-31":10.58,"2007-03-31":9.21}],["Dividend Payout",{"2008-03-31":12.03,"2016-03-31":27.75,"2014-03-31":54.44,"2011-03-31":18.52,"2015-03-31":32.98,"2013-03-31":33.03,"2006-03-31":60.83,"2012-03-31":34.95,"2017-03-31":42.11,"2010-03-31":14.53,"2009-03-31":0.0,"2007-03-31":54.32}]],"cashflow":[["Cash from Operating Activity",{"2008-03-31":1000.95,"2016-03-31":2261.05,"2014-03-31":1558.88,"2011-03-31":1052.23,"2015-03-31":2621.74,"2013-03-31":943.18,"2006-03-31":272.15,"2012-03-31":1687.65,"2017-03-31":1011.96,"2010-03-31":916.6,"2009-03-31":713.54,"2007-03-31":509.0}],["Cash from Investing Activity",{"2008-03-31":-1163.63,"2016-03-31":-3468.17,"2014-03-31":-25.2,"2011-03-31":-2209.16,"2015-03-31":-228.06,"2013-03-31":-358.97,"2006-03-31":-5.55,"2012-03-31":-909.07,"2017-03-31":1487.5,"2010-03-31":-1414.31,"2009-03-31":-1357.03,"2007-03-31":-360.87}],["Cash from Financing Activity",{"2008-03-31":154.0,"2016-03-31":-217.85,"2014-03-31":-1482.49,"2011-03-31":475.24,"2015-03-31":-1669.99,"2013-03-31":-633.51,"2006-03-31":-226.17,"2012-03-31":-998.31,"2017-03-31":-2481.35,"2010-03-31":2233.37,"2009-03-31":573.6,"2007-03-31":-106.2}],["Net Cash Flow",{"2008-03-31":-8.68,"2016-03-31":-1424.97,"2014-03-31":51.19,"2011-03-31":-681.69,"2015-03-31":723.69,"2013-03-31":-49.3,"2006-03-31":40.43,"2012-03-31":-219.73,"2017-03-31":18.11,"2010-03-31":1735.66,"2009-03-31":-69.89,"2007-03-31":41.93}]],"quarters":[["Sales",{"2016-06-30":1298.81,"2016-12-31":913.79,"2017-03-31":1012.98,"2017-06-30":1122.11,"2015-06-30":1275.33,"2015-03-31":1420.04,"2017-09-30":938.79,"2015-12-31":1564.33,"2016-03-31":1599.2,"2017-12-31":1134.62,"2016-09-30":815.39,"2015-09-30":1423.77}],["Expenses",{"2016-06-30":850.85,"2016-12-31":773.62,"2017-03-31":861.0,"2017-06-30":933.88,"2015-06-30":841.42,"2015-03-31":900.99,"2017-09-30":736.04,"2015-12-31":943.01,"2016-03-31":962.05,"2017-12-31":952.91,"2016-09-30":650.23,"2015-09-30":953.54}],["Operating Profit",{"2016-06-30":447.96,"2016-12-31":140.17,"2017-03-31":151.98,"2017-06-30":188.23,"2015-06-30":433.91,"2015-03-31":519.05,"2017-09-30":202.75,"2015-12-31":621.32,"2016-03-31":637.15,"2017-12-31":181.71,"2016-09-30":165.16,"2015-09-30":470.23}],["OPM",{"2016-06-30":34.49,"2016-12-31":15.34,"2017-03-31":15.0,"2017-06-30":16.77,"2015-06-30":34.02,"2015-03-31":36.55,"2017-09-30":21.6,"2015-12-31":39.72,"2016-03-31":39.84,"2017-12-31":16.02,"2016-09-30":20.26,"2015-09-30":33.03}],["Other Income",{"2016-06-30":110.76,"2016-12-31":65.7,"2017-03-31":77.47,"2017-06-30":113.63,"2015-06-30":54.55,"2015-03-31":46.04,"2017-09-30":146.43,"2015-12-31":119.36,"2016-03-31":110.74,"2017-12-31":97.96,"2016-09-30":74.62,"2015-09-30":113.43}],["Depreciation",{"2016-06-30":89.61,"2016-12-31":91.94,"2017-03-31":90.53,"2017-06-30":92.55,"2015-06-30":87.65,"2015-03-31":104.55,"2017-09-30":93.36,"2015-12-31":89.46,"2016-03-31":87.33,"2017-12-31":89.1,"2016-09-30":91.82,"2015-09-30":89.07}],["Interest",{"2016-06-30":167.25,"2016-12-31":127.32,"2017-03-31":113.27,"2017-06-30":117.13,"2015-06-30":137.23,"2015-03-31":139.59,"2017-09-30":127.9,"2015-12-31":174.85,"2016-03-31":169.22,"2017-12-31":107.85,"2016-09-30":125.2,"2015-09-30":162.79}],["Profit before tax",{"2016-06-30":301.86,"2016-12-31":-13.39,"2017-03-31":25.65,"2017-06-30":92.18,"2015-06-30":263.58,"2015-03-31":320.95,"2017-09-30":127.92,"2015-12-31":476.37,"2016-03-31":491.34,"2017-12-31":82.72,"2016-09-30":22.76,"2015-09-30":331.8}],["Tax",{"2016-06-30":76.8,"2016-12-31":11.06,"2017-03-31":23.2,"2017-06-30":40.61,"2015-06-30":66.88,"2015-03-31":86.66,"2017-09-30":56.32,"2015-12-31":114.08,"2016-03-31":111.82,"2017-12-31":31.17,"2016-09-30":31.07,"2015-09-30":88.23}],["Net Profit",{"2016-06-30":225.06,"2016-12-31":-24.45,"2017-03-31":2.45,"2017-06-30":51.57,"2015-06-30":196.7,"2015-03-31":234.29,"2017-09-30":71.6,"2015-12-31":362.29,"2016-03-31":379.52,"2017-12-31":51.55,"2016-09-30":-8.31,"2015-09-30":243.57}]]},"bse_code":"533148","short_name":"JSW Energy","nse_code":"JSWENERGY","companyrating_set":[{"rating__rating":"CARE AA-  @","instrument":"Bank FacilitiesFund Based - LT","rating__source":"care","link":"http://google.com/search?btnI=1&q=JSW Energy Ltd+site:careratings.com"},{"rating__rating":"CARE A1+  @","instrument":"Bank FacilitiesFund Based - ST","rating__source":"care","link":"http://google.com/search?btnI=1&q=JSW Energy Ltd+site:careratings.com"},{"rating__rating":"CARE A1+  @","instrument":"Bank FacilitiesNon-Fund Based - ST","rating__source":"care","link":"http://google.com/search?btnI=1&q=JSW Energy Ltd+site:careratings.com"},{"rating__rating":"CARE AA-  @","instrument":"LT InstrumentsDebentures","rating__source":"care","link":"http://google.com/search?btnI=1&q=JSW Energy Ltd+site:careratings.com"},{"rating__rating":"CARE A1+  @","instrument":"ST InstrumentsCP","rating__source":"care","link":"http://google.com/search?btnI=1&q=JSW Energy Ltd+site:careratings.com"}],"annualreport_set":[{"source":"bse","report_date":2017,"link":"http://www.bseindia.com/bseplus/AnnualReport/533148/5331480317.pdf"},{"source":"bse","report_date":2016,"link":"http://www.bseindia.com/bseplus/AnnualReport/533148/5331480316.pdf"},{"source":"bse","report_date":2015,"link":"http://www.bseindia.com/bseplus/AnnualReport/533148/5331480315.pdf"},{"source":"bse","report_date":2014,"link":"http://www.bseindia.com/bseplus/AnnualReport/533148/5331480314.pdf"},{"source":"bse","report_date":2013,"link":"http://www.bseindia.com/bseplus/annualreport/533148/5331480313.pdf"},{"source":"nse","report_date":2013,"link":"http://nseindia.com/annual_reports/AR_163_JSWENERGY_2012_2013_28062013163108.zip"},{"source":"nse","report_date":2012,"link":"http://nseindia.com/annual_reports/AR_JSWENERGY_2011_2012_27062012101853.zip"},{"source":"bse","report_date":2011,"link":"http://www.bseindia.com/bseplus/annualreport/533148/5331480311.pdf"},{"source":"nse","report_date":2011,"link":"http://nseindia.com/annual_reports/AR_JSWENERGY_2010_2011_06062011121510.zip"},{"source":"bse","report_date":2010,"link":"http://www.bseindia.com/bseplus/annualreport/533148/5331480310.pdf"},{"source":"nse","report_date":2010,"link":"http://nseindia.com/annual_reports/AR_JSWENERGY_2009_2010_18082010121500.zip"}],"announcement_set":[{"ann_date":"07 Apr 2018","announcement":"Announcement under Regulation 30 (LODR)-Credit Rating","link":"https://www.bseindia.com/corporates/anndet_new.aspx?newsid=8a5818f7-6e58-48dc-aa77-93e71b60d514"},{"ann_date":"23 Mar 2018","announcement":"Appointment Of Mr. Sergio Luiz Pegoraro Rocha As Chief Operating Officer To Drive The Electric Vehicles (EV) Business Of The Company","link":"https://www.bseindia.com/corporates/anndet_new.aspx?newsid=79014c3d-8e11-403d-bad9-8c057ae7b6c5"},{"ann_date":"22 Mar 2018","announcement":"Announcement under Regulation 30 (LODR)-Award_of_Order_Receipt_of_Order","link":"https://www.bseindia.com/corporates/anndet_new.aspx?newsid=b661052e-0acb-45b8-89b2-bb745b427600"},{"ann_date":"05 Mar 2018","announcement":"Announcement under Regulation 30 (LODR)-Acquisition","link":"https://www.bseindia.com/corporates/anndet_new.aspx?newsid=abac219a-444a-4484-9817-8aa45ab5ebf4"},{"ann_date":"20 Feb 2018","announcement":"Announcement under Regulation 30 (LODR)-Scheme of Arrangement","link":"https://www.bseindia.com/corporates/anndet_new.aspx?newsid=2ba5506b-f991-43fa-ab3a-cf04b6106932"}],"warehouse_set":{"high_price":97.5,"low_price":59.55,"sales_growth":-9.05,"current_price":81.75,"dividend_yield":0.61,"face_value":10.0,"id":2630,"sales_growth_3years":-11.36,"profit_growth_5years":-9.63,"average_return_on_equity_3years":9.74,"book_value":52.24,"status":"Active","pair_url":"/company/JSWENERGY/consolidated","sales_growth_10years":11.04,"average_return_on_equity_10years":15.07,"profit_growth":-69.02,"market_capitalization":13407.41,"profit_growth_10years":-15.37,"price_to_earning":75.67,"industry":"Electric Utilities","analysis":{"remarks":[],"bad":["Company has low interest coverage ratio.","The company has delivered a poor growth of -4.23% over past five years.","Company has a low return on equity of 9.74% for last 3 years.","Contingent liabilities of Rs.4799.05 Cr.","Promoters have pledged 45.70% of their holding","Earnings include an other income of Rs.435.49 Cr."],"good":["Company has reduced debt.","Company has been maintaining a healthy dividend payout of 31.12%"]},"result_type":"sa","profit_growth_3years":-38.71,"sales_growth_5years":-4.23,"return_on_equity":2.24,"average_return_on_equity_5years":11.43},"id":1655,"name":"JSW Energy Ltd"}
