{"prime":"con","number_set":{"balancesheet":[["Share Capital",{"2008-03-31":14.62,"2016-03-31":15.93,"2014-03-31":15.45,"2011-03-31":15.93,"2015-03-31":15.93,"2013-03-31":15.93,"2006-03-31":14.25,"2012-03-31":15.93,"2017-03-31":15.93,"2010-03-31":15.88,"2009-03-31":14.76,"2007-03-31":14.35}],["Reserves",{"2008-03-31":1363.96,"2016-03-31":1997.8,"2014-03-31":1717.31,"2011-03-31":2124.66,"2015-03-31":1929.04,"2013-03-31":1827.66,"2006-03-31":810.21,"2012-03-31":1901.17,"2017-03-31":2026.88,"2010-03-31":2156.97,"2009-03-31":1324.63,"2007-03-31":947.32}],["Borrowings",{"2008-03-31":1665.5,"2016-03-31":1808.42,"2014-03-31":3313.95,"2011-03-31":2990.44,"2015-03-31":2279.34,"2013-03-31":3263.02,"2006-03-31":623.98,"2012-03-31":2935.2,"2017-03-31":1697.81,"2010-03-31":2012.27,"2009-03-31":2525.64,"2007-03-31":1595.21}],["Other Liabilities",{"2008-03-31":675.71,"2016-03-31":729.47,"2014-03-31":1788.0,"2011-03-31":1206.76,"2015-03-31":1000.59,"2013-03-31":1462.65,"2006-03-31":447.78,"2012-03-31":1397.7,"2017-03-31":885.29,"2010-03-31":1196.45,"2009-03-31":1019.33,"2007-03-31":614.77}],["Total Liabilities",{"2008-03-31":3719.79,"2016-03-31":4551.62,"2014-03-31":6834.71,"2011-03-31":6337.79,"2015-03-31":5224.9,"2013-03-31":6569.26,"2006-03-31":1896.22,"2012-03-31":6250.0,"2017-03-31":4625.91,"2010-03-31":5381.57,"2009-03-31":4884.36,"2007-03-31":3171.65}],["Fixed Assets",{"2008-03-31":922.35,"2016-03-31":1415.24,"2014-03-31":2151.14,"2011-03-31":1538.51,"2015-03-31":1445.93,"2013-03-31":2185.48,"2006-03-31":698.65,"2012-03-31":1840.07,"2017-03-31":1421.15,"2010-03-31":1459.25,"2009-03-31":1396.78,"2007-03-31":839.42}],["CWIP",{"2008-03-31":322.55,"2016-03-31":35.68,"2014-03-31":241.94,"2011-03-31":417.01,"2015-03-31":20.02,"2013-03-31":213.36,"2006-03-31":116.9,"2012-03-31":418.96,"2017-03-31":65.4,"2010-03-31":272.2,"2009-03-31":269.09,"2007-03-31":176.84}],["Investments",{"2008-03-31":1378.25,"2016-03-31":1709.25,"2014-03-31":2006.07,"2011-03-31":1864.06,"2015-03-31":1766.26,"2013-03-31":1978.51,"2006-03-31":241.55,"2012-03-31":1959.72,"2017-03-31":1709.64,"2010-03-31":1869.2,"2009-03-31":1709.54,"2007-03-31":1275.81}],["Other Assets",{"2008-03-31":1096.64,"2016-03-31":1391.45,"2014-03-31":2435.56,"2011-03-31":2518.21,"2015-03-31":1992.69,"2013-03-31":2191.91,"2006-03-31":839.12,"2012-03-31":2031.25,"2017-03-31":1429.72,"2010-03-31":1780.92,"2009-03-31":1508.95,"2007-03-31":879.58}],["Total Assets",{"2008-03-31":3719.79,"2016-03-31":4551.62,"2014-03-31":6834.71,"2011-03-31":6337.79,"2015-03-31":5224.9,"2013-03-31":6569.26,"2006-03-31":1896.22,"2012-03-31":6250.0,"2017-03-31":4625.91,"2010-03-31":5381.57,"2009-03-31":4884.36,"2007-03-31":3171.65}]],"annual":[["Sales",{"2008-03-31":1976.75,"2016-03-31":2656.15,"2014-03-31":3672.79,"2011-03-31":2208.48,"2015-03-31":3176.3,"2013-03-31":3146.3,"2006-03-31":1385.95,"2012-03-31":2641.07,"2017-03-31":2491.22,"2010-03-31":2456.06,"2009-03-31":2430.72,"2007-03-31":1609.7}],["Expenses",{"2008-03-31":1552.29,"2016-03-31":2343.87,"2014-03-31":3310.76,"2011-03-31":1772.43,"2015-03-31":3163.76,"2013-03-31":2779.34,"2006-03-31":1153.92,"2012-03-31":2401.23,"2017-03-31":2173.22,"2010-03-31":1945.18,"2009-03-31":1901.87,"2007-03-31":1333.26}],["Operating Profit",{"2008-03-31":424.46,"2016-03-31":312.28,"2014-03-31":362.03,"2011-03-31":436.05,"2015-03-31":12.54,"2013-03-31":366.96,"2006-03-31":232.03,"2012-03-31":239.84,"2017-03-31":318.0,"2010-03-31":510.88,"2009-03-31":528.85,"2007-03-31":276.44}],["OPM",{"2008-03-31":21.47,"2016-03-31":11.76,"2014-03-31":9.86,"2011-03-31":19.74,"2015-03-31":0.39,"2013-03-31":11.66,"2006-03-31":16.74,"2012-03-31":9.08,"2017-03-31":12.76,"2010-03-31":20.8,"2009-03-31":21.76,"2007-03-31":17.17}],["Other Income",{"2008-03-31":123.34,"2016-03-31":61.74,"2014-03-31":29.88,"2011-03-31":34.44,"2015-03-31":574.45,"2013-03-31":34.97,"2006-03-31":20.97,"2012-03-31":39.34,"2017-03-31":51.9,"2010-03-31":30.11,"2009-03-31":91.62,"2007-03-31":101.24}],["Interest",{"2008-03-31":24.3,"2016-03-31":200.66,"2014-03-31":284.8,"2011-03-31":70.63,"2015-03-31":233.29,"2013-03-31":262.57,"2006-03-31":29.75,"2012-03-31":193.12,"2017-03-31":174.26,"2010-03-31":16.61,"2009-03-31":272.82,"2007-03-31":26.55}],["Depreciation",{"2008-03-31":63.59,"2016-03-31":86.98,"2014-03-31":175.29,"2011-03-31":99.91,"2015-03-31":107.41,"2013-03-31":152.17,"2006-03-31":44.16,"2012-03-31":132.0,"2017-03-31":81.13,"2010-03-31":65.11,"2009-03-31":74.62,"2007-03-31":51.56}],["Profit before tax",{"2008-03-31":459.91,"2016-03-31":86.39,"2014-03-31":-68.16,"2011-03-31":299.95,"2015-03-31":246.3,"2013-03-31":-12.81,"2006-03-31":179.09,"2012-03-31":-45.94,"2017-03-31":114.52,"2010-03-31":459.27,"2009-03-31":273.03,"2007-03-31":299.57}],["Tax",{"2008-03-31":67.64,"2016-03-31":13.39,"2014-03-31":-68.98,"2011-03-31":20.32,"2015-03-31":41.19,"2013-03-31":30.51,"2006-03-31":40.3,"2012-03-31":34.97,"2017-03-31":35.33,"2010-03-31":96.17,"2009-03-31":12.29,"2007-03-31":68.08}],["Net Profit",{"2008-03-31":392.27,"2016-03-31":73.0,"2014-03-31":0.82,"2011-03-31":279.63,"2015-03-31":205.11,"2013-03-31":-43.32,"2006-03-31":138.79,"2012-03-31":-80.91,"2017-03-31":79.19,"2010-03-31":363.1,"2009-03-31":260.74,"2007-03-31":231.49}],["EPS (unadj)",{"2008-03-31":26.58,"2016-03-31":4.58,"2014-03-31":0.0,"2011-03-31":17.23,"2015-03-31":12.27,"2013-03-31":0.0,"2006-03-31":9.56,"2012-03-31":0.0,"2017-03-31":4.97,"2010-03-31":22.53,"2009-03-31":17.41,"2007-03-31":15.92}],["Dividend Payout",{"2008-03-31":5.59,"2016-03-31":65.47,"2014-03-31":5828.53,"2011-03-31":11.39,"2015-03-31":23.3,"2013-03-31":-110.33,"2006-03-31":12.83,"2012-03-31":-59.07,"2017-03-31":60.35,"2010-03-31":8.75,"2009-03-31":8.49,"2007-03-31":7.75}]],"cashflow":[["Cash from Operating Activity",{"2008-03-31":227.61,"2016-03-31":164.3,"2014-03-31":548.68,"2011-03-31":239.66,"2015-03-31":285.55,"2013-03-31":827.22,"2006-03-31":16.85,"2012-03-31":405.56,"2017-03-31":null,"2010-03-31":601.33,"2009-03-31":495.7,"2007-03-31":209.71}],["Cash from Investing Activity",{"2008-03-31":-449.57,"2016-03-31":521.7,"2014-03-31":-193.78,"2011-03-31":-574.26,"2015-03-31":1319.35,"2013-03-31":-399.45,"2006-03-31":-382.87,"2012-03-31":-501.52,"2017-03-31":null,"2010-03-31":-342.01,"2009-03-31":-730.09,"2007-03-31":-1308.48}],["Cash from Financing Activity",{"2008-03-31":216.65,"2016-03-31":-784.44,"2014-03-31":-360.79,"2011-03-31":885.55,"2015-03-31":-1646.65,"2013-03-31":-445.73,"2006-03-31":455.82,"2012-03-31":-686.4,"2017-03-31":null,"2010-03-31":-102.37,"2009-03-31":503.95,"2007-03-31":1003.6}],["Net Cash Flow",{"2008-03-31":-5.31,"2016-03-31":-98.44,"2014-03-31":-5.89,"2011-03-31":550.95,"2015-03-31":-41.75,"2013-03-31":-17.96,"2006-03-31":89.8,"2012-03-31":-782.36,"2017-03-31":null,"2010-03-31":156.95,"2009-03-31":269.56,"2007-03-31":-95.17}]],"quarters":[["Sales",{"2016-06-30":586.93,"2016-12-31":607.25,"2017-03-31":721.36,"2017-06-30":673.81,"2015-06-30":669.13,"2015-03-31":724.26,"2017-09-30":734.26,"2015-12-31":646.99,"2016-03-31":632.63,"2017-12-31":933.83,"2016-09-30":575.67,"2015-09-30":707.4}],["Expenses",{"2016-06-30":494.87,"2016-12-31":540.6,"2017-03-31":638.45,"2017-06-30":601.65,"2015-06-30":597.81,"2015-03-31":897.84,"2017-09-30":622.9,"2015-12-31":569.42,"2016-03-31":554.74,"2017-12-31":742.5,"2016-09-30":499.29,"2015-09-30":621.89}],["Operating Profit",{"2016-06-30":92.06,"2016-12-31":66.65,"2017-03-31":82.91,"2017-06-30":72.16,"2015-06-30":71.32,"2015-03-31":-173.58,"2017-09-30":111.36,"2015-12-31":77.57,"2016-03-31":77.89,"2017-12-31":191.33,"2016-09-30":76.38,"2015-09-30":85.51}],["OPM",{"2016-06-30":15.69,"2016-12-31":10.98,"2017-03-31":11.49,"2017-06-30":10.71,"2015-06-30":10.66,"2015-03-31":-23.97,"2017-09-30":15.17,"2015-12-31":11.99,"2016-03-31":12.31,"2017-12-31":20.49,"2016-09-30":13.27,"2015-09-30":12.09}],["Other Income",{"2016-06-30":4.75,"2016-12-31":13.21,"2017-03-31":10.07,"2017-06-30":10.75,"2015-06-30":13.07,"2015-03-31":22.6,"2017-09-30":21.52,"2015-12-31":6.17,"2016-03-31":4.05,"2017-12-31":6.05,"2016-09-30":23.87,"2015-09-30":38.49}],["Depreciation",{"2016-06-30":20.3,"2016-12-31":20.83,"2017-03-31":19.81,"2017-06-30":20.19,"2015-06-30":21.04,"2015-03-31":22.68,"2017-09-30":21.13,"2015-12-31":21.92,"2016-03-31":21.82,"2017-12-31":20.52,"2016-09-30":20.19,"2015-09-30":22.2}],["Interest",{"2016-06-30":44.36,"2016-12-31":42.03,"2017-03-31":42.83,"2017-06-30":35.31,"2015-06-30":57.23,"2015-03-31":47.25,"2017-09-30":33.48,"2015-12-31":44.68,"2016-03-31":46.25,"2017-12-31":33.63,"2016-09-30":45.03,"2015-09-30":52.5}],["Profit before tax",{"2016-06-30":32.15,"2016-12-31":17.0,"2017-03-31":30.34,"2017-06-30":27.41,"2015-06-30":6.12,"2015-03-31":-220.91,"2017-09-30":78.27,"2015-12-31":17.14,"2016-03-31":13.87,"2017-12-31":143.23,"2016-09-30":35.03,"2015-09-30":49.3}],["Tax",{"2016-06-30":11.17,"2016-12-31":8.74,"2017-03-31":4.51,"2017-06-30":5.12,"2015-06-30":3.28,"2015-03-31":-14.02,"2017-09-30":21.39,"2015-12-31":-11.81,"2016-03-31":24.23,"2017-12-31":45.35,"2016-09-30":10.91,"2015-09-30":-2.31}],["Net Profit",{"2016-06-30":20.98,"2016-12-31":8.26,"2017-03-31":25.83,"2017-06-30":22.29,"2015-06-30":2.84,"2015-03-31":-206.89,"2017-09-30":56.88,"2015-12-31":28.95,"2016-03-31":-10.36,"2017-12-31":97.88,"2016-09-30":24.12,"2015-09-30":51.61}]]},"bse_code":"530019","short_name":"Jubilant Life","nse_code":"JUBILANT","companyrating_set":[],"annualreport_set":[{"source":"bse","report_date":2017,"link":"http://www.bseindia.com/bseplus/AnnualReport/530019/5300190317.pdf"},{"source":"bse","report_date":2016,"link":"http://www.bseindia.com/bseplus/AnnualReport/530019/5300190316.pdf"},{"source":"bse","report_date":2015,"link":"http://www.bseindia.com/bseplus/AnnualReport/530019/5300190315.pdf"},{"source":"bse","report_date":2014,"link":"http://www.bseindia.com/bseplus/AnnualReport/530019/5300190314.pdf"},{"source":"bse","report_date":2013,"link":"http://www.bseindia.com/bseplus/annualreport/530019/5300190313.pdf"},{"source":"bse","report_date":2012,"link":"http://www.bseindia.com/bseplus/annualreport/530019/5300190312.PDF"},{"source":"bse","report_date":2011,"link":"http://www.bseindia.com/bseplus/annualreport/530019/5300190311.pdf"},{"source":"nse","report_date":2011,"link":"http://nseindia.com/annual_reports/AR_JUBILANT_2010_2011_09092011054545.zip"},{"source":"bse","report_date":2010,"link":"http://www.bseindia.com/bseplus/annualreport/530019/5300190310.pdf"},{"source":"nse","report_date":2010,"link":"http://nseindia.com/annual_reports/AR_JUBILANT_2009_2010_13042011113812.zip"}],"announcement_set":[{"ann_date":"23 Mar 2018","announcement":"Board Meeting-Closure of Trading Window","link":"https://www.bseindia.com/corporates/anndet_new.aspx?newsid=9dccee91-df10-48da-a094-44a9c1c43ae1"},{"ann_date":"08 Mar 2018","announcement":"Announcement under Regulation 30 (LODR)-Analyst / Investor Meet - Intimation","link":"https://www.bseindia.com/corporates/anndet_new.aspx?newsid=ca2dc39d-5f71-48ee-be42-11c6e32612af"},{"ann_date":"07 Mar 2018","announcement":"Announcement under Regulation 30 (LODR)-Updates","link":"https://www.bseindia.com/corporates/anndet_new.aspx?newsid=f6952378-cfa6-4127-8af3-5398f36f7d73"},{"ann_date":"04 Mar 2018","announcement":"Announcement under Regulation 30 (LODR)-Updates","link":"https://www.bseindia.com/corporates/anndet_new.aspx?newsid=283a2c7f-606f-46da-9318-c69d4a530796"},{"ann_date":"09 Feb 2018","announcement":"Announcement under Regulation 30 (LODR)-Updates","link":"http://www.bseindia.com/corporates/anndet_new.aspx?newsid=ee36078e-1520-4d12-acc4-7be3566edb0b"}],"warehouse_set":{"high_price":1039.0,"low_price":600.0,"sales_growth":27.5,"current_price":817.95,"dividend_yield":0.37,"face_value":1.0,"id":652,"sales_growth_3years":-12.14,"profit_growth_5years":2.61,"average_return_on_equity_3years":3.12,"book_value":139.35,"status":"Active","pair_url":"/company/JUBILANT/consolidated","sales_growth_10years":2.6,"average_return_on_equity_10years":11.45,"profit_growth":371.81,"market_capitalization":13029.94,"profit_growth_10years":-17.17,"price_to_earning":64.22,"industry":"Pharmaceuticals","analysis":{"remarks":[],"bad":["Stock is trading at 5.87 times its book value","The company has delivered a poor growth of -1.16% over past five years.","Company has a low return on equity of 3.12% for last 3 years."],"good":["Company has been maintaining a healthy dividend payout of 40.13%"]},"result_type":"sa","profit_growth_3years":-31.39,"sales_growth_5years":-1.16,"return_on_equity":3.64,"average_return_on_equity_5years":4.79},"id":1660,"name":"Jubilant Life Sciences Ltd"}
