{"prime":"con","number_set":{"balancesheet":[["Share Capital",{"2008-03-31":344.67,"2016-03-31":917.19,"2014-03-31":385.16,"2011-03-31":368.44,"2015-03-31":386.18,"2013-03-31":373.3,"2006-03-31":309.29,"2012-03-31":370.34,"2017-03-31":920.45,"2010-03-31":348.14,"2009-03-31":345.67,"2007-03-31":326.16}],["Reserves",{"2008-03-31":3249.03,"2016-03-31":23041.87,"2014-03-31":11889.93,"2011-03-31":6428.04,"2015-03-31":13754.91,"2013-03-31":9073.65,"2006-03-31":543.45,"2012-03-31":7575.6,"2017-03-31":26695.62,"2010-03-31":4136.97,"2009-03-31":3467.95,"2007-03-31":1307.34}],["Borrowings",{"2008-03-31":21542.9,"2016-03-31":159618.36,"2014-03-31":71967.91,"2011-03-31":40984.92,"2015-03-31":87010.02,"2013-03-31":71439.39,"2006-03-31":8175.15,"2012-03-31":55132.04,"2017-03-31":178521.34,"2010-03-31":30026.98,"2009-03-31":22378.01,"2007-03-31":16099.84}],["Other Liabilities",{"2008-03-31":3178.71,"2016-03-31":8808.34,"2014-03-31":3342.34,"2011-03-31":3069.27,"2015-03-31":4924.95,"2013-03-31":2807.35,"2006-03-31":1149.88,"2012-03-31":2588.81,"2017-03-31":8598.49,"2010-03-31":2924.22,"2009-03-31":2520.25,"2007-03-31":2183.24}],["Total Liabilities",{"2008-03-31":28315.31,"2016-03-31":192385.76,"2014-03-31":87585.34,"2011-03-31":50850.67,"2015-03-31":106076.06,"2013-03-31":83693.69,"2006-03-31":10177.77,"2012-03-31":65666.79,"2017-03-31":214735.9,"2010-03-31":37436.31,"2009-03-31":28711.88,"2007-03-31":19916.58}],["Fixed Assets",{"2008-03-31":210.25,"2016-03-31":1551.59,"2014-03-31":1106.94,"2011-03-31":425.61,"2015-03-31":1206.71,"2013-03-31":464.42,"2006-03-31":105.22,"2012-03-31":449.97,"2017-03-31":1537.63,"2010-03-31":427.65,"2009-03-31":213.36,"2007-03-31":141.09}],["CWIP",{"2008-03-31":0.0,"2016-03-31":0.0,"2014-03-31":0.0,"2011-03-31":0.0,"2015-03-31":0.0,"2013-03-31":0.0,"2006-03-31":0.0,"2012-03-31":0.0,"2017-03-31":0.0,"2010-03-31":0.0,"2009-03-31":0.0,"2007-03-31":0.0}],["Investments",{"2008-03-31":9141.99,"2016-03-31":51260.22,"2014-03-31":25484.55,"2011-03-31":17121.44,"2015-03-31":28659.11,"2013-03-31":28873.43,"2006-03-31":2855.53,"2012-03-31":21566.81,"2017-03-31":45074.19,"2010-03-31":12512.66,"2009-03-31":9110.18,"2007-03-31":6861.96}],["Other Assets",{"2008-03-31":18963.07,"2016-03-31":139573.95,"2014-03-31":60993.85,"2011-03-31":33303.62,"2015-03-31":76210.24,"2013-03-31":54355.84,"2006-03-31":7217.02,"2012-03-31":43650.01,"2017-03-31":168124.08,"2010-03-31":24496.0,"2009-03-31":19388.34,"2007-03-31":12913.53}],["Total Assets",{"2008-03-31":28315.31,"2016-03-31":192385.76,"2014-03-31":87585.34,"2011-03-31":50850.67,"2015-03-31":106076.06,"2013-03-31":83693.69,"2006-03-31":10177.77,"2012-03-31":65666.79,"2017-03-31":214735.9,"2010-03-31":37436.31,"2009-03-31":28711.88,"2007-03-31":19916.58}]],"annual":[["Sales",{"2008-03-31":2535.36,"2016-03-31":16384.18,"2014-03-31":8767.12,"2011-03-31":4189.75,"2015-03-31":9719.87,"2013-03-31":8042.49,"2006-03-31":718.89,"2012-03-31":6180.24,"2017-03-31":17698.93,"2010-03-31":3255.62,"2009-03-31":3065.14,"2007-03-31":1319.1}],["Expenses",{"2008-03-31":1378.29,"2016-03-31":6101.65,"2014-03-31":2682.18,"2011-03-31":1592.15,"2015-03-31":3226.28,"2013-03-31":2261.78,"2006-03-31":470.55,"2012-03-31":1773.19,"2017-03-31":6164.59,"2010-03-31":1585.29,"2009-03-31":1596.44,"2007-03-31":742.53}],["Operating Profit",{"2008-03-31":1157.07,"2016-03-31":10282.53,"2014-03-31":6084.94,"2011-03-31":2597.6,"2015-03-31":6493.59,"2013-03-31":5780.71,"2006-03-31":248.34,"2012-03-31":4407.05,"2017-03-31":11534.34,"2010-03-31":1670.33,"2009-03-31":1468.7,"2007-03-31":576.57}],["OPM",{"2008-03-31":45.64,"2016-03-31":62.76,"2014-03-31":69.41,"2011-03-31":62.0,"2015-03-31":66.81,"2013-03-31":71.88,"2006-03-31":34.54,"2012-03-31":71.31,"2017-03-31":65.17,"2010-03-31":51.31,"2009-03-31":47.92,"2007-03-31":43.71}],["Other Income",{"2008-03-31":601.08,"2016-03-31":2612.23,"2014-03-31":1399.71,"2011-03-31":780.53,"2015-03-31":2028.45,"2013-03-31":1160.66,"2006-03-31":293.77,"2012-03-31":977.35,"2017-03-31":3477.16,"2010-03-31":628.24,"2009-03-31":573.49,"2007-03-31":360.65}],["Interest",{"2008-03-31":1309.56,"2016-03-31":9483.81,"2014-03-31":5047.07,"2011-03-31":2092.18,"2015-03-31":5496.13,"2013-03-31":4836.82,"2006-03-31":338.92,"2012-03-31":3667.75,"2017-03-31":9572.78,"2010-03-31":1397.48,"2009-03-31":1546.6,"2007-03-31":699.24}],["Depreciation",{"2008-03-31":50.86,"2016-03-31":287.38,"2014-03-31":165.18,"2011-03-31":98.27,"2015-03-31":193.0,"2013-03-31":132.53,"2006-03-31":29.6,"2012-03-31":116.76,"2017-03-31":290.66,"2010-03-31":90.0,"2009-03-31":69.56,"2007-03-31":34.74}],["Profit before tax",{"2008-03-31":397.73,"2016-03-31":3123.57,"2014-03-31":2272.41,"2011-03-31":1187.68,"2015-03-31":2832.9,"2013-03-31":1972.03,"2006-03-31":173.59,"2012-03-31":1599.89,"2017-03-31":5148.07,"2010-03-31":811.09,"2009-03-31":426.03,"2007-03-31":203.24}],["Tax",{"2008-03-31":103.8,"2016-03-31":1033.8,"2014-03-31":769.89,"2011-03-31":369.5,"2015-03-31":966.92,"2013-03-31":611.31,"2006-03-31":55.36,"2012-03-31":514.84,"2017-03-31":1736.57,"2010-03-31":249.98,"2009-03-31":149.93,"2007-03-31":61.87}],["Net Profit",{"2008-03-31":293.93,"2016-03-31":2089.78,"2014-03-31":1502.52,"2011-03-31":818.18,"2015-03-31":1865.98,"2013-03-31":1360.72,"2006-03-31":118.23,"2012-03-31":1085.05,"2017-03-31":3411.5,"2010-03-31":561.11,"2009-03-31":276.1,"2007-03-31":141.37}],["EPS (unadj)",{"2008-03-31":8.4,"2016-03-31":11.29,"2014-03-31":19.39,"2011-03-31":11.04,"2015-03-31":23.98,"2013-03-31":18.13,"2006-03-31":3.73,"2012-03-31":14.55,"2017-03-31":18.41,"2010-03-31":16.18,"2009-03-31":7.93,"2007-03-31":4.22}],["Dividend Payout",{"2008-03-31":8.79,"2016-03-31":4.39,"2014-03-31":4.1,"2011-03-31":4.5,"2015-03-31":3.73,"2013-03-31":3.84,"2006-03-31":15.7,"2012-03-31":4.1,"2017-03-31":3.24,"2010-03-31":5.27,"2009-03-31":9.39,"2007-03-31":16.15}]],"cashflow":[["Cash from Operating Activity",{"2008-03-31":-667.02,"2016-03-31":6133.72,"2014-03-31":9001.63,"2011-03-31":-1474.47,"2015-03-31":4463.19,"2013-03-31":-1405.46,"2006-03-31":118.08,"2012-03-31":-3922.92,"2017-03-31":14407.62,"2010-03-31":1572.56,"2009-03-31":-1345.55,"2007-03-31":23.14}],["Cash from Investing Activity",{"2008-03-31":-180.66,"2016-03-31":-52.46,"2014-03-31":-549.06,"2011-03-31":-78.99,"2015-03-31":-3453.79,"2013-03-31":-1478.16,"2006-03-31":55.96,"2012-03-31":-841.95,"2017-03-31":-2971.84,"2010-03-31":-275.59,"2009-03-31":-95.4,"2007-03-31":-125.19}],["Cash from Financing Activity",{"2008-03-31":1689.56,"2016-03-31":-1463.91,"2014-03-31":-6161.84,"2011-03-31":1724.18,"2015-03-31":-726.93,"2013-03-31":3938.23,"2006-03-31":-11.75,"2012-03-31":4928.44,"2017-03-31":256.52,"2010-03-31":-137.38,"2009-03-31":476.62,"2007-03-31":799.02}],["Net Cash Flow",{"2008-03-31":841.88,"2016-03-31":4617.36,"2014-03-31":2290.73,"2011-03-31":170.72,"2015-03-31":282.47,"2013-03-31":1054.61,"2006-03-31":162.29,"2012-03-31":163.57,"2017-03-31":11692.29,"2010-03-31":1159.59,"2009-03-31":-964.33,"2007-03-31":696.97}]],"quarters":[["Sales",{"2016-06-30":4386.85,"2016-12-31":4467.61,"2017-03-31":4432.0,"2017-06-30":4655.78,"2015-06-30":3991.43,"2015-03-31":2580.94,"2017-09-30":4760.14,"2015-12-31":4121.7,"2016-03-31":4265.41,"2017-12-31":5009.2,"2016-09-30":4412.47,"2015-09-30":4005.65}],["Expenses",{"2016-06-30":1516.76,"2016-12-31":1624.94,"2017-03-31":1729.39,"2017-06-30":1760.81,"2015-06-30":1898.96,"2015-03-31":997.52,"2017-09-30":1758.26,"2015-12-31":1518.41,"2016-03-31":1545.41,"2017-12-31":1826.26,"2016-09-30":1584.15,"2015-09-30":1426.11}],["Operating Profit",{"2016-06-30":2870.09,"2016-12-31":2842.67,"2017-03-31":2702.61,"2017-06-30":2894.97,"2015-06-30":2092.47,"2015-03-31":1583.42,"2017-09-30":3001.88,"2015-12-31":2603.29,"2016-03-31":2720.0,"2017-12-31":3182.94,"2016-09-30":2828.32,"2015-09-30":2579.54}],["OPM",{"2016-06-30":65.42,"2016-12-31":63.63,"2017-03-31":60.98,"2017-06-30":62.18,"2015-06-30":52.42,"2015-03-31":61.35,"2017-09-30":63.06,"2015-12-31":63.16,"2016-03-31":63.77,"2017-12-31":63.54,"2016-09-30":64.1,"2015-09-30":64.4}],["Other Income",{"2016-06-30":733.18,"2016-12-31":910.22,"2017-03-31":1002.65,"2017-06-30":906.88,"2015-06-30":592.43,"2015-03-31":668.14,"2017-09-30":953.88,"2015-12-31":722.16,"2016-03-31":681.91,"2017-12-31":1039.82,"2016-09-30":831.11,"2015-09-30":615.73}],["Depreciation",{"2016-06-30":0.0,"2016-12-31":0.0,"2017-03-31":0.0,"2017-06-30":0.0,"2015-06-30":0.0,"2015-03-31":0.0,"2017-09-30":0.0,"2015-12-31":0.0,"2016-03-31":0.0,"2017-12-31":0.0,"2016-09-30":0.0,"2015-09-30":0.0}],["Interest",{"2016-06-30":2467.75,"2016-12-31":2417.29,"2017-03-31":2270.63,"2017-06-30":2410.23,"2015-06-30":2393.24,"2015-03-31":1457.77,"2017-09-30":2447.48,"2015-12-31":2355.49,"2016-03-31":2408.17,"2017-12-31":2615.48,"2016-09-30":2417.11,"2015-09-30":2326.91}],["Profit before tax",{"2016-06-30":1135.52,"2016-12-31":1335.6,"2017-03-31":1434.63,"2017-06-30":1391.62,"2015-06-30":291.66,"2015-03-31":793.79,"2017-09-30":1508.28,"2015-12-31":969.96,"2016-03-31":993.74,"2017-12-31":1607.28,"2016-09-30":1242.32,"2015-09-30":868.36}],["Tax",{"2016-06-30":393.55,"2016-12-31":455.84,"2017-03-31":458.15,"2017-06-30":478.89,"2015-06-30":101.88,"2015-03-31":266.65,"2017-09-30":513.97,"2015-12-31":335.24,"2016-03-31":297.96,"2017-12-31":554.07,"2016-09-30":429.03,"2015-09-30":298.86}],["Net Profit",{"2016-06-30":741.97,"2016-12-31":879.76,"2017-03-31":976.48,"2017-06-30":912.73,"2015-06-30":189.78,"2015-03-31":527.14,"2017-09-30":994.31,"2015-12-31":634.72,"2016-03-31":695.78,"2017-12-31":1053.21,"2016-09-30":813.29,"2015-09-30":569.5}]]},"bse_code":"500247","short_name":"Kotak Mah. Bank","nse_code":"KOTAKBANK","companyrating_set":[{"rating__rating":"CRISIL A1+","instrument":"Certificate of Deposit","rating__source":"crisil","link":"http://www.crisil.com/ratings/company-wise-ratings.jsp?txtSearch=Kotak Mahindra Bank Ltd"},{"rating__rating":"FAAA(Stable)","instrument":"Fixed Deposit","rating__source":"crisil","link":"http://www.crisil.com/ratings/company-wise-ratings.jsp?txtSearch=Kotak Mahindra Bank Ltd"},{"rating__rating":"CRISIL AAA(Stable)","instrument":"Infrastructure Bonds","rating__source":"crisil","link":"http://www.crisil.com/ratings/company-wise-ratings.jsp?txtSearch=Kotak Mahindra Bank Ltd"},{"rating__rating":"IND AAA(Stable)","instrument":"Long Term Rating","rating__source":"fitch","link":"http://www.indiaratings.co.in/search/search.jsp?q=Kotak Mahindra Bank Ltd"},{"rating__rating":"CRISIL AAA(Stable)","instrument":"Lower Tier-II Bonds (under Basel II)(LT)","rating__source":"crisil","link":"http://www.crisil.com/ratings/company-wise-ratings.jsp?txtSearch=Kotak Mahindra Bank Ltd"},{"rating__rating":"IND A1+(Stable)","instrument":"Short Term","rating__source":"fitch","link":"http://www.indiaratings.co.in/search/search.jsp?q=Kotak Mahindra Bank Ltd"},{"rating__rating":"CRISIL AAA(Stable)","instrument":"Upper Tier-II Bonds (under Basel II)(LT)","rating__source":"crisil","link":"http://www.crisil.com/ratings/company-wise-ratings.jsp?txtSearch=Kotak Mahindra Bank Ltd"}],"annualreport_set":[{"source":"bse","report_date":2017,"link":"http://www.bseindia.com/bseplus/AnnualReport/500247/5002470317.pdf"},{"source":"bse","report_date":2016,"link":"http://www.bseindia.com/bseplus/AnnualReport/500247/5002470316.pdf"},{"source":"bse","report_date":2015,"link":"http://www.bseindia.com/bseplus/AnnualReport/500247/5002470315.pdf"},{"source":"bse","report_date":2014,"link":"http://www.bseindia.com/bseplus/AnnualReport/500247/5002470314.pdf"},{"source":"bse","report_date":2013,"link":"http://www.bseindia.com/bseplus/annualreport/500247/5002470313.pdf"},{"source":"bse","report_date":2012,"link":"http://www.bseindia.com/bseplus/annualreport/500247/5002470312.PDF"},{"source":"bse","report_date":2011,"link":"http://www.bseindia.com/bseplus/annualreport/500247/5002470311.pdf"},{"source":"nse","report_date":2011,"link":"http://nseindia.com/annual_reports/AR_KOTAKBANK_2010_2011_21062011030000.zip"},{"source":"bse","report_date":2010,"link":"http://www.bseindia.com/bseplus/annualreport/500247/5002470310.pdf"},{"source":"nse","report_date":2010,"link":"http://nseindia.com/annual_reports/AR_KOTAKBANK_2009_2010_08082011102526.zip"}],"announcement_set":[{"ann_date":"07 Apr 2018","announcement":"Confirmation Of Interest Payment Made To Bondholders","link":"https://www.bseindia.com/corporates/anndet_new.aspx?newsid=c3b21fae-e60b-4acb-aa43-14eae4e7fc2c"},{"ann_date":"05 Apr 2018","announcement":"Board to consider FY18 results & Dividend","link":"https://www.bseindia.com/corporates/anndet_new.aspx?newsid=0e8af1b4-806f-40e4-ba04-1f0719bb20d7"},{"ann_date":"05 Apr 2018","announcement":"Board Meeting On April 30, 2018","link":"https://www.bseindia.com/corporates/anndet_new.aspx?newsid=264fb741-ac91-40c4-ab51-076f111deba8"},{"ann_date":"04 Apr 2018","announcement":"Compliance Certificate For The Half Year Ended 31St March 2018","link":"https://www.bseindia.com/corporates/anndet_new.aspx?newsid=6dfced0a-531e-4d01-ae21-184887142027"},{"ann_date":"03 Apr 2018","announcement":"Confirmation Of Interest Payment Made To Bondholders","link":"https://www.bseindia.com/corporates/anndet_new.aspx?newsid=1cf4e085-9f43-4af2-a8ad-7f96c5169451"}],"warehouse_set":{"high_price":1131.0,"low_price":867.2,"sales_growth":7.56,"current_price":1119.2,"dividend_yield":0.05,"face_value":5.0,"id":1808,"sales_growth_3years":26.38,"profit_growth_5years":25.7,"average_return_on_equity_3years":12.57,"book_value":160.45,"status":"Active","pair_url":"/company/KOTAKBANK/consolidated","sales_growth_10years":24.1,"average_return_on_equity_10years":12.7,"profit_growth":25.74,"market_capitalization":213280.18,"profit_growth_10years":31.3,"price_to_earning":54.18,"industry":"Banks","analysis":{"remarks":[],"bad":["Company has low interest coverage ratio.","Promoter's stake has decreased","Promoter holding is low: 30.06%","Company has a low return on equity of 12.57% for last 3 years.","Contingent liabilities of Rs.213276.90 Cr.","Company might be capitalizing the interest cost"],"good":["Company has good consistent profit growth of 25.70% over 5 years"]},"result_type":"sa","profit_growth_3years":31.35,"sales_growth_5years":23.42,"return_on_equity":13.2,"average_return_on_equity_5years":13.08},"id":1818,"name":"Kotak Mahindra Bank Ltd"}
