{"prime":"con","number_set":{"balancesheet":[["Share Capital",{"2008-03-31":58.47,"2016-03-31":186.3,"2014-03-31":185.38,"2011-03-31":121.77,"2015-03-31":185.91,"2013-03-31":123.08,"2006-03-31":27.48,"2012-03-31":122.48,"2017-03-31":186.59,"2010-03-31":120.44,"2009-03-31":117.14,"2007-03-31":56.65}],["Reserves",{"2008-03-31":9470.71,"2016-03-31":41949.01,"2014-03-31":33457.2,"2011-03-31":21702.36,"2015-03-31":36883.1,"2013-03-31":28999.45,"2006-03-31":4583.32,"2012-03-31":25079.4,"2017-03-31":45826.15,"2010-03-31":17858.93,"2009-03-31":12317.96,"2007-03-31":5683.85}],["Borrowings",{"2008-03-31":3583.95,"2016-03-31":13924.48,"2014-03-31":11458.92,"2011-03-31":7161.11,"2015-03-31":12936.59,"2013-03-31":8834.21,"2006-03-31":1453.57,"2012-03-31":9895.77,"2017-03-31":10580.71,"2010-03-31":6800.83,"2009-03-31":6556.03,"2007-03-31":2077.75}],["Other Liabilities",{"2008-03-31":14047.37,"2016-03-31":43561.16,"2014-03-31":33704.72,"2011-03-31":28411.03,"2015-03-31":37481.21,"2013-03-31":35068.03,"2006-03-31":7149.74,"2012-03-31":33045.2,"2017-03-31":45603.37,"2010-03-31":21998.05,"2009-03-31":17178.53,"2007-03-31":9589.24}],["Total Liabilities",{"2008-03-31":27160.5,"2016-03-31":99620.95,"2014-03-31":78806.22,"2011-03-31":57396.27,"2015-03-31":87486.81,"2013-03-31":73024.77,"2006-03-31":13214.11,"2012-03-31":68142.85,"2017-03-31":102196.82,"2010-03-31":46778.25,"2009-03-31":36169.66,"2007-03-31":17407.49}],["Fixed Assets",{"2008-03-31":2916.17,"2016-03-31":7268.47,"2014-03-31":7674.8,"2011-03-31":6644.19,"2015-03-31":7487.36,"2013-03-31":8305.14,"2006-03-31":1318.56,"2012-03-31":7604.98,"2017-03-31":6647.89,"2010-03-31":5491.56,"2009-03-31":4114.32,"2007-03-31":1753.47}],["CWIP",{"2008-03-31":729.27,"2016-03-31":412.13,"2014-03-31":562.41,"2011-03-31":771.34,"2015-03-31":494.04,"2013-03-31":596.84,"2006-03-31":286.06,"2012-03-31":758.68,"2017-03-31":503.78,"2010-03-31":874.2,"2009-03-31":1080.28,"2007-03-31":471.22}],["Investments",{"2008-03-31":6922.26,"2016-03-31":24438.08,"2014-03-31":19214.64,"2011-03-31":14684.82,"2015-03-31":23052.9,"2013-03-31":16103.39,"2006-03-31":1919.52,"2012-03-31":15871.9,"2017-03-31":27155.59,"2010-03-31":13705.35,"2009-03-31":8263.72,"2007-03-31":3104.44}],["Other Assets",{"2008-03-31":16592.8,"2016-03-31":67502.27,"2014-03-31":51354.37,"2011-03-31":35295.92,"2015-03-31":56452.51,"2013-03-31":48019.4,"2006-03-31":9689.97,"2012-03-31":43907.29,"2017-03-31":67889.56,"2010-03-31":26707.14,"2009-03-31":22711.34,"2007-03-31":12078.36}],["Total Assets",{"2008-03-31":27160.5,"2016-03-31":99620.95,"2014-03-31":78806.22,"2011-03-31":57396.27,"2015-03-31":87486.81,"2013-03-31":73024.77,"2006-03-31":13214.11,"2012-03-31":68142.85,"2017-03-31":102196.82,"2010-03-31":46778.25,"2009-03-31":36169.66,"2007-03-31":17407.49}]],"annual":[["Sales",{"2008-03-31":24854.7,"2016-03-31":63177.26,"2014-03-31":56598.92,"2011-03-31":43905.87,"2015-03-31":57017.41,"2013-03-31":51610.96,"2006-03-31":14734.8,"2012-03-31":53170.52,"2017-03-31":65723.86,"2010-03-31":36675.15,"2009-03-31":33646.57,"2007-03-31":17567.1}],["Expenses",{"2008-03-31":21890.21,"2016-03-31":57144.77,"2014-03-31":49808.61,"2011-03-31":38175.94,"2015-03-31":50384.06,"2013-03-31":45562.16,"2006-03-31":13634.37,"2012-03-31":46805.45,"2017-03-31":59091.02,"2010-03-31":31862.14,"2009-03-31":29933.17,"2007-03-31":15753.11}],["Operating Profit",{"2008-03-31":2964.49,"2016-03-31":6032.49,"2014-03-31":6790.31,"2011-03-31":5729.93,"2015-03-31":6633.35,"2013-03-31":6048.8,"2006-03-31":1100.43,"2012-03-31":6365.07,"2017-03-31":6632.84,"2010-03-31":4813.01,"2009-03-31":3713.4,"2007-03-31":1813.99}],["OPM",{"2008-03-31":11.93,"2016-03-31":9.55,"2014-03-31":12.0,"2011-03-31":13.05,"2015-03-31":11.63,"2013-03-31":11.72,"2006-03-31":7.47,"2012-03-31":11.97,"2017-03-31":10.09,"2010-03-31":13.12,"2009-03-31":11.04,"2007-03-31":10.33}],["Other Income",{"2008-03-31":547.89,"2016-03-31":2901.32,"2014-03-31":2469.39,"2011-03-31":1480.37,"2015-03-31":2640.53,"2013-03-31":2179.69,"2006-03-31":559.82,"2012-03-31":1393.28,"2017-03-31":2865.82,"2010-03-31":2185.75,"2009-03-31":1734.13,"2007-03-31":484.51}],["Interest",{"2008-03-31":173.62,"2016-03-31":1686.32,"2014-03-31":1208.32,"2011-03-31":719.38,"2015-03-31":1579.47,"2013-03-31":1055.9,"2006-03-31":172.37,"2012-03-31":767.31,"2017-03-31":1527.14,"2010-03-31":637.67,"2009-03-31":477.68,"2007-03-31":137.66}],["Depreciation",{"2008-03-31":195.94,"2016-03-31":997.4,"2014-03-31":792.42,"2011-03-31":599.22,"2015-03-31":1008.15,"2013-03-31":727.74,"2006-03-31":107.12,"2012-03-31":699.46,"2017-03-31":1215.19,"2010-03-31":383.65,"2009-03-31":284.83,"2007-03-31":160.13}],["Profit before tax",{"2008-03-31":3154.24,"2016-03-31":6255.62,"2014-03-31":7267.91,"2011-03-31":5901.47,"2015-03-31":6701.22,"2013-03-31":6458.45,"2006-03-31":1382.65,"2012-03-31":6310.33,"2017-03-31":6757.84,"2010-03-31":6013.69,"2009-03-31":4709.5,"2007-03-31":2004.01}],["Tax",{"2008-03-31":980.82,"2016-03-31":1256.04,"2014-03-31":1774.78,"2011-03-31":1943.58,"2015-03-31":1645.04,"2013-03-31":1547.8,"2006-03-31":370.51,"2012-03-31":1853.83,"2017-03-31":1304.1,"2010-03-31":1638.17,"2009-03-31":1227.84,"2007-03-31":600.99}],["Net Profit",{"2008-03-31":2173.42,"2016-03-31":4999.58,"2014-03-31":5493.13,"2011-03-31":3957.89,"2015-03-31":5056.18,"2013-03-31":4910.65,"2006-03-31":1012.14,"2012-03-31":4456.5,"2017-03-31":5453.74,"2010-03-31":4375.52,"2009-03-31":3481.66,"2007-03-31":1403.02}],["EPS (unadj)",{"2008-03-31":71.73,"2016-03-31":53.67,"2014-03-31":58.42,"2011-03-31":63.15,"2015-03-31":52.95,"2013-03-31":78.4,"2006-03-31":70.58,"2012-03-31":71.11,"2017-03-31":58.46,"2010-03-31":70.83,"2009-03-31":57.71,"2007-03-31":47.65}],["Dividend Payout",{"2008-03-31":22.87,"2016-03-31":34.0,"2014-03-31":24.05,"2011-03-31":22.31,"2015-03-31":29.88,"2013-03-31":23.18,"2006-03-31":29.86,"2012-03-31":22.67,"2017-03-31":35.92,"2010-03-31":17.2,"2009-03-31":17.66,"2007-03-31":26.25}]],"cashflow":[["Cash from Operating Activity",{"2008-03-31":1945.24,"2016-03-31":3299.86,"2014-03-31":1047.24,"2011-03-31":3833.3,"2015-03-31":3117.98,"2013-03-31":1472.24,"2006-03-31":1369.25,"2012-03-31":1081.58,"2017-03-31":6147.37,"2010-03-31":5485.09,"2009-03-31":1478.57,"2007-03-31":2130.45}],["Cash from Investing Activity",{"2008-03-31":-5241.89,"2016-03-31":-1522.25,"2014-03-31":-1214.32,"2011-03-31":-2409.98,"2015-03-31":-1884.08,"2013-03-31":1434.33,"2006-03-31":-1326.3,"2012-03-31":-1922.28,"2017-03-31":31.13,"2010-03-31":-6071.73,"2009-03-31":-3308.53,"2007-03-31":-1588.17}],["Cash from Financing Activity",{"2008-03-31":3166.68,"2016-03-31":-2464.33,"2014-03-31":504.05,"2011-03-31":-1124.84,"2015-03-31":-1436.55,"2013-03-31":-3316.23,"2006-03-31":-287.77,"2012-03-31":1015.61,"2017-03-31":-6051.96,"2010-03-31":1243.22,"2009-03-31":1640.79,"2007-03-31":-31.05}],["Net Cash Flow",{"2008-03-31":-129.97,"2016-03-31":-686.72,"2014-03-31":336.97,"2011-03-31":298.48,"2015-03-31":-202.65,"2013-03-31":-409.66,"2006-03-31":-244.82,"2012-03-31":174.91,"2017-03-31":126.54,"2010-03-31":656.58,"2009-03-31":-189.17,"2007-03-31":511.23}]],"quarters":[["Sales",{"2016-06-30":12036.52,"2016-12-31":15793.8,"2017-03-31":23323.61,"2017-06-30":13937.04,"2015-06-30":11443.68,"2015-03-31":18967.92,"2017-09-30":15859.84,"2015-12-31":15868.18,"2016-03-31":22265.41,"2017-12-31":17715.73,"2016-09-30":14569.93,"2015-09-30":14235.41}],["Expenses",{"2016-06-30":11122.22,"2016-12-31":14472.0,"2017-03-31":21263.62,"2017-06-30":12971.54,"2015-06-30":10592.17,"2015-03-31":16477.39,"2017-09-30":14549.63,"2015-12-31":14979.05,"2016-03-31":19472.28,"2017-12-31":16041.62,"2016-09-30":13482.21,"2015-09-30":13075.65}],["Operating Profit",{"2016-06-30":914.3,"2016-12-31":1321.8,"2017-03-31":2059.99,"2017-06-30":965.5,"2015-06-30":851.51,"2015-03-31":2490.53,"2017-09-30":1310.21,"2015-12-31":889.13,"2016-03-31":2793.13,"2017-12-31":1674.11,"2016-09-30":1087.72,"2015-09-30":1159.76}],["OPM",{"2016-06-30":7.6,"2016-12-31":8.37,"2017-03-31":8.83,"2017-06-30":6.93,"2015-06-30":7.44,"2015-03-31":13.13,"2017-09-30":8.26,"2015-12-31":5.6,"2016-03-31":12.54,"2017-12-31":9.45,"2016-09-30":7.47,"2015-09-30":8.15}],["Other Income",{"2016-06-30":482.42,"2016-12-31":529.09,"2017-03-31":345.31,"2017-06-30":423.7,"2015-06-30":522.23,"2015-03-31":755.85,"2017-09-30":834.18,"2015-12-31":668.45,"2016-03-31":818.96,"2017-12-31":503.02,"2016-09-30":2550.43,"2015-09-30":1026.67}],["Depreciation",{"2016-06-30":279.32,"2016-12-31":266.65,"2017-03-31":396.29,"2017-06-30":258.4,"2015-06-30":268.78,"2015-03-31":245.83,"2017-09-30":259.38,"2015-12-31":192.0,"2016-03-31":227.66,"2017-12-31":264.88,"2016-09-30":272.93,"2015-09-30":308.96}],["Interest",{"2016-06-30":331.11,"2016-12-31":357.34,"2017-03-31":269.25,"2017-06-30":359.26,"2015-06-30":315.44,"2015-03-31":334.71,"2017-09-30":367.19,"2015-12-31":398.02,"2016-03-31":389.37,"2017-12-31":332.18,"2016-09-30":360.33,"2015-09-30":373.99}],["Profit before tax",{"2016-06-30":786.29,"2016-12-31":1226.9,"2017-03-31":1739.76,"2017-06-30":771.54,"2015-06-30":789.52,"2015-03-31":2665.84,"2017-09-30":1517.82,"2015-12-31":967.56,"2016-03-31":2995.06,"2017-12-31":1580.07,"2016-09-30":3004.89,"2015-09-30":1503.48}],["Tax",{"2016-06-30":239.55,"2016-12-31":292.72,"2017-03-31":485.68,"2017-06-30":213.4,"2015-06-30":226.3,"2015-03-31":605.19,"2017-09-30":355.91,"2015-12-31":166.29,"2016-03-31":603.99,"2017-12-31":358.18,"2016-09-30":286.15,"2015-09-30":259.47}],["Net Profit",{"2016-06-30":546.74,"2016-12-31":934.18,"2017-03-31":1254.08,"2017-06-30":558.14,"2015-06-30":563.22,"2015-03-31":2060.65,"2017-09-30":1161.91,"2015-12-31":801.27,"2016-03-31":2391.07,"2017-12-31":1221.89,"2016-09-30":2718.74,"2015-09-30":1244.01}]]},"bse_code":"500510","short_name":"Larsen & Toubro","nse_code":"LT","companyrating_set":[{"rating__rating":"[ICRA]AAA(Stable)","instrument":"Corporate Debt Rating-Long Term","rating__source":"icra","link":"http://icra.in/search.aspx?word=Larsen & Toubro Ltd"}],"annualreport_set":[{"source":"bse","report_date":2017,"link":"http://www.bseindia.com/bseplus/AnnualReport/500510/5005100317.pdf"},{"source":"bse","report_date":2016,"link":"http://www.bseindia.com/bseplus/AnnualReport/500510/5005100316.pdf"},{"source":"bse","report_date":2015,"link":"http://www.bseindia.com/bseplus/AnnualReport/500510/5005100315.pdf"},{"source":"bse","report_date":2014,"link":"http://www.bseindia.com/bseplus/AnnualReport/500510/5005100314.pdf"},{"source":"bse","report_date":2013,"link":"http://www.bseindia.com/bseplus/annualreport/500510/5005100313.pdf"},{"source":"bse","report_date":2012,"link":"http://www.bseindia.com/bseplus/annualreport/500510/5005100312.PDF"},{"source":"bse","report_date":2011,"link":"http://www.bseindia.com/bseplus/annualreport/500510/5005100311.pdf"},{"source":"bse","report_date":2010,"link":"http://www.bseindia.com/bseplus/annualreport/500510/5005100310.pdf"},{"source":"nse","report_date":2010,"link":"http://nseindia.com/annual_reports/AR_LT_2009_2010_20082010120000.zip"},{"source":"nse","report_date":2009,"link":"http://nseindia.com/annual_reports/AR_LT_2008_2009_17082009101543.zip"},{"source":"nse","report_date":2009,"link":"http://nseindia.com/annual_reports/AR_LT_2008_2009_14082009121543.zip"}],"announcement_set":[{"ann_date":"06 Apr 2018","announcement":"Clarification sought from Larsen & Toubro Ltd","link":"https://www.bseindia.com/corporates/anndet_new.aspx?newsid=7028a0c6-aab0-439d-9c79-5b9d58782d72"},{"ann_date":"05 Apr 2018","announcement":"Announcement under Regulation 30 (LODR)-Award_of_Order_Receipt_of_Order","link":"https://www.bseindia.com/corporates/anndet_new.aspx?newsid=a42701c9-9a02-4557-b53f-e418bfbaa05d"},{"ann_date":"05 Apr 2018","announcement":"Announcement under Regulation 30 (LODR)-Award_of_Order_Receipt_of_Order","link":"https://www.bseindia.com/corporates/anndet_new.aspx?newsid=998ebaf8-e456-49f6-814d-1526d2596e1c"},{"ann_date":"28 Mar 2018","announcement":"Announcement under Regulation 30 (LODR)-Award_of_Order_Receipt_of_Order","link":"https://www.bseindia.com/corporates/anndet_new.aspx?newsid=1f4e95c3-255f-4c93-aca0-21c4ee632041"},{"ann_date":"27 Mar 2018","announcement":"Announcement under Regulation 30 (LODR)-Award_of_Order_Receipt_of_Order","link":"https://www.bseindia.com/corporates/anndet_new.aspx?newsid=259e40cb-ad4b-4977-8050-2406fefc0546"}],"warehouse_set":{"high_price":1470.0,"low_price":1098.57,"sales_growth":9.54,"current_price":1316.55,"dividend_yield":1.06,"face_value":2.0,"id":3487,"sales_growth_3years":5.11,"profit_growth_5years":2.2,"average_return_on_equity_3years":11.49,"book_value":349.33,"status":"Active","pair_url":"/company/LT/consolidated","sales_growth_10years":11.41,"average_return_on_equity_10years":14.73,"profit_growth":-36.33,"market_capitalization":184497.3,"profit_growth_10years":9.91,"price_to_earning":40.56,"industry":"Construction & Engineering","analysis":{"remarks":[],"bad":["The company has delivered a poor growth of 4.33% over past five years.","Company has a low return on equity of 11.49% for last 3 years.","Earnings include an other income of Rs.2106.21 Cr."],"good":["Company has reduced debt.","Company has been maintaining a healthy dividend payout of 33.33%"]},"result_type":"sa","profit_growth_3years":-0.43,"sales_growth_5years":4.33,"return_on_equity":10.93,"average_return_on_equity_5years":12.69},"id":1870,"name":"Larsen & Toubro Ltd"}
