{"prime":"sa","number_set":{"balancesheet":[["Share Capital",{"2008-03-31":60.9,"2016-03-31":129.02,"2014-03-31":64.49,"2011-03-31":61.44,"2015-03-31":64.5,"2013-03-31":64.48,"2006-03-31":58.0,"2012-03-31":61.49,"2017-03-31":129.05,"2010-03-31":60.93,"2009-03-31":60.9,"2007-03-31":60.9}],["Reserves",{"2008-03-31":219.33,"2016-03-31":2409.25,"2014-03-31":1908.85,"2011-03-31":811.68,"2015-03-31":2278.39,"2013-03-31":1926.95,"2006-03-31":219.36,"2012-03-31":1062.63,"2017-03-31":2795.19,"2010-03-31":510.73,"2009-03-31":306.85,"2007-03-31":122.59}],["Borrowings",{"2008-03-31":305.59,"2016-03-31":204.36,"2014-03-31":562.03,"2011-03-31":552.48,"2015-03-31":271.13,"2013-03-31":722.47,"2006-03-31":223.37,"2012-03-31":572.23,"2017-03-31":108.35,"2010-03-31":376.92,"2009-03-31":307.83,"2007-03-31":167.25}],["Other Liabilities",{"2008-03-31":249.52,"2016-03-31":598.62,"2014-03-31":635.56,"2011-03-31":273.77,"2015-03-31":647.65,"2013-03-31":487.47,"2006-03-31":173.39,"2012-03-31":377.47,"2017-03-31":738.78,"2010-03-31":292.99,"2009-03-31":225.88,"2007-03-31":328.38}],["Total Liabilities",{"2008-03-31":835.34,"2016-03-31":3341.25,"2014-03-31":3170.93,"2011-03-31":1699.37,"2015-03-31":3261.67,"2013-03-31":3201.37,"2006-03-31":674.12,"2012-03-31":2073.82,"2017-03-31":3771.37,"2010-03-31":1241.57,"2009-03-31":901.46,"2007-03-31":679.12}],["Fixed Assets",{"2008-03-31":97.0,"2016-03-31":459.56,"2014-03-31":494.14,"2011-03-31":222.46,"2015-03-31":481.56,"2013-03-31":335.23,"2006-03-31":289.58,"2012-03-31":240.09,"2017-03-31":495.49,"2010-03-31":129.98,"2009-03-31":115.92,"2007-03-31":98.89}],["CWIP",{"2008-03-31":49.09,"2016-03-31":36.54,"2014-03-31":2.06,"2011-03-31":24.71,"2015-03-31":2.07,"2013-03-31":145.34,"2006-03-31":18.97,"2012-03-31":36.22,"2017-03-31":7.94,"2010-03-31":109.95,"2009-03-31":45.6,"2007-03-31":8.97}],["Investments",{"2008-03-31":106.52,"2016-03-31":1595.16,"2014-03-31":1366.76,"2011-03-31":470.36,"2015-03-31":1335.04,"2013-03-31":1316.47,"2006-03-31":36.39,"2012-03-31":672.17,"2017-03-31":1688.11,"2010-03-31":209.11,"2009-03-31":112.58,"2007-03-31":80.91}],["Other Assets",{"2008-03-31":582.73,"2016-03-31":1249.99,"2014-03-31":1307.97,"2011-03-31":981.84,"2015-03-31":1443.0,"2013-03-31":1404.33,"2006-03-31":329.18,"2012-03-31":1125.34,"2017-03-31":1579.83,"2010-03-31":792.53,"2009-03-31":627.36,"2007-03-31":490.35}],["Total Assets",{"2008-03-31":835.34,"2016-03-31":3341.25,"2014-03-31":3170.93,"2011-03-31":1699.37,"2015-03-31":3261.67,"2013-03-31":3201.37,"2006-03-31":674.12,"2012-03-31":2073.82,"2017-03-31":3771.37,"2010-03-31":1241.57,"2009-03-31":901.46,"2007-03-31":679.12}]],"annual":[["Sales",{"2008-03-31":1568.79,"2016-03-31":4860.86,"2014-03-31":3682.49,"2011-03-31":2350.41,"2015-03-31":4681.2,"2013-03-31":3407.1,"2006-03-31":1038.26,"2012-03-31":2965.35,"2017-03-31":4850.75,"2010-03-31":2024.29,"2009-03-31":1917.46,"2007-03-31":1371.67}],["Expenses",{"2008-03-31":1383.4,"2016-03-31":4031.69,"2014-03-31":3123.91,"2011-03-31":2017.62,"2015-03-31":4019.24,"2013-03-31":2885.0,"2006-03-31":904.15,"2012-03-31":2557.89,"2017-03-31":3894.2,"2010-03-31":1710.27,"2009-03-31":1720.17,"2007-03-31":1192.35}],["Operating Profit",{"2008-03-31":185.39,"2016-03-31":829.17,"2014-03-31":558.58,"2011-03-31":332.79,"2015-03-31":661.96,"2013-03-31":522.1,"2006-03-31":134.11,"2012-03-31":407.46,"2017-03-31":956.55,"2010-03-31":314.02,"2009-03-31":197.29,"2007-03-31":179.32}],["OPM",{"2008-03-31":11.82,"2016-03-31":17.06,"2014-03-31":15.17,"2011-03-31":14.16,"2015-03-31":14.14,"2013-03-31":15.32,"2006-03-31":12.92,"2012-03-31":13.74,"2017-03-31":19.72,"2010-03-31":15.51,"2009-03-31":10.29,"2007-03-31":13.07}],["Other Income",{"2008-03-31":26.56,"2016-03-31":190.56,"2014-03-31":235.33,"2011-03-31":100.98,"2015-03-31":140.8,"2013-03-31":96.7,"2006-03-31":13.11,"2012-03-31":51.65,"2017-03-31":261.86,"2010-03-31":22.06,"2009-03-31":19.67,"2007-03-31":26.66}],["Interest",{"2008-03-31":19.75,"2016-03-31":15.17,"2014-03-31":30.43,"2011-03-31":31.6,"2015-03-31":16.97,"2013-03-31":43.68,"2006-03-31":5.02,"2012-03-31":28.34,"2017-03-31":12.59,"2010-03-31":18.3,"2009-03-31":28.92,"2007-03-31":20.01}],["Depreciation",{"2008-03-31":18.93,"2016-03-31":68.82,"2014-03-31":46.2,"2011-03-31":27.63,"2015-03-31":54.75,"2013-03-31":33.13,"2006-03-31":33.23,"2012-03-31":31.49,"2017-03-31":64.1,"2010-03-31":25.21,"2009-03-31":17.03,"2007-03-31":35.19}],["Profit before tax",{"2008-03-31":173.27,"2016-03-31":935.74,"2014-03-31":717.28,"2011-03-31":374.54,"2015-03-31":731.04,"2013-03-31":541.99,"2006-03-31":108.97,"2012-03-31":399.28,"2017-03-31":1141.72,"2010-03-31":292.57,"2009-03-31":171.01,"2007-03-31":150.78}],["Tax",{"2008-03-31":29.86,"2016-03-31":244.48,"2014-03-31":140.06,"2011-03-31":59.22,"2015-03-31":185.87,"2013-03-31":112.9,"2006-03-31":10.11,"2012-03-31":62.69,"2017-03-31":299.02,"2010-03-31":57.55,"2009-03-31":28.91,"2007-03-31":34.62}],["Net Profit",{"2008-03-31":143.41,"2016-03-31":691.26,"2014-03-31":577.22,"2011-03-31":315.32,"2015-03-31":545.17,"2013-03-31":429.09,"2006-03-31":98.86,"2012-03-31":336.59,"2017-03-31":842.7,"2010-03-31":235.02,"2009-03-31":142.1,"2007-03-31":116.16}],["EPS (unadj)",{"2008-03-31":2.24,"2016-03-31":4.85,"2014-03-31":8.81,"2011-03-31":5.02,"2015-03-31":8.25,"2013-03-31":6.57,"2006-03-31":16.18,"2012-03-31":5.36,"2017-03-31":6.09,"2010-03-31":3.75,"2009-03-31":2.22,"2007-03-31":1.79}],["Dividend Payout",{"2008-03-31":27.82,"2016-03-31":79.32,"2014-03-31":39.1,"2011-03-31":12.86,"2015-03-31":29.58,"2013-03-31":15.03,"2006-03-31":36.37,"2012-03-31":12.79,"2017-03-31":53.6,"2010-03-31":17.11,"2009-03-31":28.07,"2007-03-31":34.34}]],"cashflow":[["Cash from Operating Activity",{"2008-03-31":47.08,"2016-03-31":629.01,"2014-03-31":256.35,"2011-03-31":196.23,"2015-03-31":552.05,"2013-03-31":444.36,"2006-03-31":170.01,"2012-03-31":363.07,"2017-03-31":462.01,"2010-03-31":173.15,"2009-03-31":151.66,"2007-03-31":266.95}],["Cash from Investing Activity",{"2008-03-31":-131.22,"2016-03-31":-85.91,"2014-03-31":109.17,"2011-03-31":-317.6,"2015-03-31":59.58,"2013-03-31":-953.06,"2006-03-31":-274.61,"2012-03-31":-277.16,"2017-03-31":87.48,"2010-03-31":-198.48,"2009-03-31":-78.27,"2007-03-31":-292.33}],["Cash from Financing Activity",{"2008-03-31":89.27,"2016-03-31":-549.48,"2014-03-31":-368.76,"2011-03-31":128.03,"2015-03-31":-612.15,"2013-03-31":521.45,"2006-03-31":114.87,"2012-03-31":-93.64,"2017-03-31":-560.01,"2010-03-31":13.56,"2009-03-31":-80.34,"2007-03-31":22.1}],["Net Cash Flow",{"2008-03-31":5.13,"2016-03-31":-6.38,"2014-03-31":-3.24,"2011-03-31":6.66,"2015-03-31":-0.52,"2013-03-31":12.75,"2006-03-31":10.27,"2012-03-31":-7.73,"2017-03-31":-10.52,"2010-03-31":-11.77,"2009-03-31":-6.95,"2007-03-31":-3.28}]],"quarters":[["Sales",{"2016-06-30":1452.45,"2016-12-31":1137.64,"2017-03-31":1103.46,"2017-06-30":1372.78,"2015-06-30":1444.09,"2015-03-31":991.93,"2017-09-30":1246.28,"2015-12-31":1234.82,"2016-03-31":1034.9,"2017-12-31":1337.59,"2016-09-30":1157.21,"2015-09-30":1154.19}],["Expenses",{"2016-06-30":1138.7,"2016-12-31":924.1,"2017-03-31":869.4,"2017-06-30":1121.07,"2015-06-30":1192.09,"2015-03-31":858.04,"2017-09-30":1049.08,"2015-12-31":1006.75,"2016-03-31":854.69,"2017-12-31":1085.02,"2016-09-30":962.03,"2015-09-30":985.26}],["Operating Profit",{"2016-06-30":313.75,"2016-12-31":213.54,"2017-03-31":234.06,"2017-06-30":251.71,"2015-06-30":252.0,"2015-03-31":133.89,"2017-09-30":197.2,"2015-12-31":228.07,"2016-03-31":180.21,"2017-12-31":252.57,"2016-09-30":195.18,"2015-09-30":168.93}],["OPM",{"2016-06-30":21.6,"2016-12-31":18.77,"2017-03-31":21.21,"2017-06-30":18.34,"2015-06-30":17.45,"2015-03-31":13.5,"2017-09-30":15.82,"2015-12-31":18.47,"2016-03-31":17.41,"2017-12-31":18.88,"2016-09-30":16.87,"2015-09-30":14.64}],["Other Income",{"2016-06-30":22.32,"2016-12-31":157.64,"2017-03-31":21.49,"2017-06-30":21.46,"2015-06-30":18.89,"2015-03-31":69.84,"2017-09-30":32.21,"2015-12-31":92.84,"2016-03-31":52.3,"2017-12-31":71.89,"2016-09-30":60.41,"2015-09-30":26.53}],["Depreciation",{"2016-06-30":14.74,"2016-12-31":15.83,"2017-03-31":19.25,"2017-06-30":15.51,"2015-06-30":12.73,"2015-03-31":13.56,"2017-09-30":17.93,"2015-12-31":16.48,"2016-03-31":24.04,"2017-12-31":16.26,"2016-09-30":14.28,"2015-09-30":15.57}],["Interest",{"2016-06-30":3.42,"2016-12-31":2.89,"2017-03-31":4.12,"2017-06-30":1.99,"2015-06-30":3.17,"2015-03-31":3.85,"2017-09-30":1.87,"2015-12-31":4.94,"2016-03-31":4.77,"2017-12-31":1.86,"2016-09-30":2.16,"2015-09-30":2.29}],["Profit before tax",{"2016-06-30":317.91,"2016-12-31":352.46,"2017-03-31":232.18,"2017-06-30":255.67,"2015-06-30":254.99,"2015-03-31":186.33,"2017-09-30":209.61,"2015-12-31":299.49,"2016-03-31":203.7,"2017-12-31":306.34,"2016-09-30":239.15,"2015-09-30":177.6}],["Tax",{"2016-06-30":83.03,"2016-12-31":87.16,"2017-03-31":68.81,"2017-06-30":57.65,"2015-06-30":72.87,"2015-03-31":45.61,"2017-09-30":49.3,"2015-12-31":64.88,"2016-03-31":59.06,"2017-12-31":66.23,"2016-09-30":60.02,"2015-09-30":47.68}],["Net Profit",{"2016-06-30":234.88,"2016-12-31":265.3,"2017-03-31":163.37,"2017-06-30":198.02,"2015-06-30":182.12,"2015-03-31":140.72,"2017-09-30":160.31,"2015-12-31":234.61,"2016-03-31":144.64,"2017-12-31":240.11,"2016-09-30":179.13,"2015-09-30":129.92}]]},"bse_code":"531642","short_name":"Marico","nse_code":"MARICO","companyrating_set":[{"rating__rating":"CRISIL AA+(Stable)","instrument":"Cash Credit & Working Capital demand loan","rating__source":"crisil","link":"http://www.crisil.com/ratings/company-wise-ratings.jsp?txtSearch=Marico Ltd"},{"rating__rating":"CRISIL A1+","instrument":"Commercial Paper","rating__source":"crisil","link":"http://www.crisil.com/ratings/company-wise-ratings.jsp?txtSearch=Marico Ltd"},{"rating__rating":"CRISIL A1+","instrument":"Letter of Credit and Bank Guarantee","rating__source":"crisil","link":"http://www.crisil.com/ratings/company-wise-ratings.jsp?txtSearch=Marico Ltd"},{"rating__rating":"CRISIL AA+(Stable)","instrument":"Non Convertible Debenture","rating__source":"crisil","link":"http://www.crisil.com/ratings/company-wise-ratings.jsp?txtSearch=Marico Ltd"}],"annualreport_set":[{"source":"bse","report_date":2017,"link":"http://www.bseindia.com/bseplus/AnnualReport/531642/5316420317.pdf"},{"source":"bse","report_date":2016,"link":"http://www.bseindia.com/bseplus/AnnualReport/531642/5316420316.pdf"},{"source":"bse","report_date":2015,"link":"http://www.bseindia.com/bseplus/AnnualReport/531642/5316420315.pdf"},{"source":"bse","report_date":2014,"link":"http://www.bseindia.com/bseplus/AnnualReport/531642/5316420314.pdf"},{"source":"bse","report_date":2013,"link":"http://www.bseindia.com/bseplus/annualreport/531642/5316420313.pdf"},{"source":"nse","report_date":2012,"link":"http://nseindia.com/annual_reports/AR_MARICO_2011_2012_11072012101258.zip"},{"source":"nse","report_date":2012,"link":"http://nseindia.com/annual_reports/AR_MARICO_2011_2012_11072012101258.zip"},{"source":"bse","report_date":2011,"link":"http://www.bseindia.com/bseplus/annualreport/531642/5316420311.pdf"},{"source":"bse","report_date":2010,"link":"http://www.bseindia.com/bseplus/annualreport/531642/5316420310.pdf"},{"source":"nse","report_date":2010,"link":"http://nseindia.com/annual_reports/AR_MARICO_2009_2010_02092010120000.zip"}],"announcement_set":[{"ann_date":"30 Mar 2018","announcement":"Trading Window Closure","link":"https://www.bseindia.com/corporates/anndet_new.aspx?newsid=794d706f-37a3-4b99-9a94-1b59f70f1779"},{"ann_date":"22 Mar 2018","announcement":"Trading Window Closure","link":"https://www.bseindia.com/corporates/anndet_new.aspx?newsid=278570c3-2651-4f23-ac18-2ef90f3a36fa"},{"ann_date":"20 Mar 2018","announcement":"Announcement under Regulation 30 (LODR)-Allotment","link":"https://www.bseindia.com/corporates/anndet_new.aspx?newsid=f95aaa9c-0d35-4b3a-8b2e-48e3a723ad5c"},{"ann_date":"08 Mar 2018","announcement":"Announcement under Regulation 30 (LODR)-Newspaper Publication","link":"https://www.bseindia.com/corporates/anndet_new.aspx?newsid=71171439-4449-4a2a-be1b-a9a7bff5fec4"},{"ann_date":"07 Mar 2018","announcement":"Announcement under Regulation 30 (LODR)-Updates","link":"https://www.bseindia.com/corporates/anndet_new.aspx?newsid=4bea4fd0-22ad-4c56-9ae7-4a226053578a"}],"warehouse_set":{"high_price":348.7,"low_price":284.15,"sales_growth":5.81,"current_price":320.65,"dividend_yield":1.09,"face_value":1.0,"id":343,"sales_growth_3years":9.62,"profit_growth_5years":19.08,"average_return_on_equity_3years":27.76,"book_value":27.29,"status":"Active","pair_url":"/company/MARICO/consolidated","sales_growth_10years":13.36,"average_return_on_equity_10years":29.92,"profit_growth":-7.54,"market_capitalization":41391.57,"profit_growth_10years":21.29,"price_to_earning":54.33,"industry":"Personal Products","analysis":{"remarks":[],"bad":["Stock is trading at 11.75 times its book value","The company has delivered a poor growth of 10.34% over past five years."],"good":["Company has reduced debt.","Company is virtually debt free.","Company has a good return on equity (ROE) track record: 3 Years ROE 27.76%","Company has been maintaining a healthy dividend payout of 55.85%"]},"result_type":"sa","profit_growth_3years":12.33,"sales_growth_5years":10.34,"return_on_equity":29.54,"average_return_on_equity_5years":27.47},"id":2014,"name":"Marico Ltd"}
