{"prime":"con","number_set":{"balancesheet":[["Share Capital",{"2008-03-31":44.35,"2016-03-31":53.4,"2014-03-31":53.25,"2011-03-31":46.5,"2015-03-31":53.3,"2013-03-31":53.1,"2006-03-31":34.91,"2012-03-31":52.91,"2017-03-31":53.45,"2010-03-31":46.47,"2009-03-31":44.41,"2007-03-31":35.98}],["Reserves",{"2008-03-31":1999.43,"2016-03-31":1616.53,"2014-03-31":3133.09,"2011-03-31":2137.56,"2015-03-31":3400.34,"2013-03-31":3032.83,"2006-03-31":922.23,"2012-03-31":2818.74,"2017-03-31":1774.84,"2010-03-31":2164.34,"2009-03-31":2017.95,"2007-03-31":967.27}],["Borrowings",{"2008-03-31":296.41,"2016-03-31":0.0,"2014-03-31":180.67,"2011-03-31":624.09,"2015-03-31":0.0,"2013-03-31":156.34,"2006-03-31":155.18,"2012-03-31":118.61,"2017-03-31":0.0,"2010-03-31":603.94,"2009-03-31":101.4,"2007-03-31":275.67}],["Other Liabilities",{"2008-03-31":60.56,"2016-03-31":69.35,"2014-03-31":170.89,"2011-03-31":204.01,"2015-03-31":55.95,"2013-03-31":170.25,"2006-03-31":98.32,"2012-03-31":105.94,"2017-03-31":28.61,"2010-03-31":150.39,"2009-03-31":61.02,"2007-03-31":111.15}],["Total Liabilities",{"2008-03-31":2400.75,"2016-03-31":1739.28,"2014-03-31":3537.9,"2011-03-31":3012.16,"2015-03-31":3509.59,"2013-03-31":3412.52,"2006-03-31":1210.64,"2012-03-31":3096.2,"2017-03-31":1856.9,"2010-03-31":2965.14,"2009-03-31":2224.78,"2007-03-31":1390.07}],["Fixed Assets",{"2008-03-31":174.08,"2016-03-31":8.73,"2014-03-31":300.02,"2011-03-31":329.38,"2015-03-31":13.12,"2013-03-31":312.55,"2006-03-31":54.98,"2012-03-31":324.91,"2017-03-31":6.54,"2010-03-31":184.14,"2009-03-31":174.27,"2007-03-31":167.48}],["CWIP",{"2008-03-31":5.21,"2016-03-31":0.0,"2014-03-31":24.55,"2011-03-31":0.67,"2015-03-31":0.02,"2013-03-31":12.01,"2006-03-31":7.96,"2012-03-31":0.13,"2017-03-31":0.0,"2010-03-31":22.39,"2009-03-31":25.6,"2007-03-31":3.92}],["Investments",{"2008-03-31":2064.54,"2016-03-31":1704.78,"2014-03-31":2744.38,"2011-03-31":1970.67,"2015-03-31":3318.54,"2013-03-31":2732.56,"2006-03-31":1024.98,"2012-03-31":2307.65,"2017-03-31":1821.84,"2010-03-31":2582.56,"2009-03-31":1690.3,"2007-03-31":1058.28}],["Other Assets",{"2008-03-31":156.92,"2016-03-31":25.77,"2014-03-31":468.95,"2011-03-31":711.44,"2015-03-31":177.91,"2013-03-31":355.4,"2006-03-31":122.72,"2012-03-31":463.51,"2017-03-31":28.52,"2010-03-31":176.05,"2009-03-31":334.61,"2007-03-31":160.39}],["Total Assets",{"2008-03-31":2400.75,"2016-03-31":1739.28,"2014-03-31":3537.9,"2011-03-31":3012.16,"2015-03-31":3509.59,"2013-03-31":3412.52,"2006-03-31":1210.64,"2012-03-31":3096.2,"2017-03-31":1856.9,"2010-03-31":2965.14,"2009-03-31":2224.78,"2007-03-31":1390.07}]],"annual":[["Sales",{"2008-03-31":284.29,"2016-03-31":200.76,"2014-03-31":997.58,"2011-03-31":462.95,"2015-03-31":581.83,"2013-03-31":1515.95,"2006-03-31":124.85,"2012-03-31":748.08,"2017-03-31":255.74,"2010-03-31":333.14,"2009-03-31":353.76,"2007-03-31":155.81}],["Expenses",{"2008-03-31":null,"2016-03-31":83.79,"2014-03-31":783.07,"2011-03-31":null,"2015-03-31":111.64,"2013-03-31":836.93,"2006-03-31":null,"2012-03-31":714.32,"2017-03-31":100.33,"2010-03-31":null,"2009-03-31":null,"2007-03-31":null}],["Operating Profit",{"2008-03-31":null,"2016-03-31":116.97,"2014-03-31":214.51,"2011-03-31":null,"2015-03-31":470.19,"2013-03-31":679.02,"2006-03-31":null,"2012-03-31":33.76,"2017-03-31":155.41,"2010-03-31":null,"2009-03-31":null,"2007-03-31":null}],["OPM",{"2008-03-31":null,"2016-03-31":58.26,"2014-03-31":21.5,"2011-03-31":null,"2015-03-31":80.81,"2013-03-31":44.79,"2006-03-31":null,"2012-03-31":4.51,"2017-03-31":60.77,"2010-03-31":null,"2009-03-31":null,"2007-03-31":null}],["Other Income",{"2008-03-31":91.9,"2016-03-31":0.46,"2014-03-31":10.84,"2011-03-31":23.05,"2015-03-31":2.83,"2013-03-31":11.77,"2006-03-31":31.6,"2012-03-31":6.84,"2017-03-31":0.54,"2010-03-31":25.56,"2009-03-31":66.17,"2007-03-31":45.33}],["Interest",{"2008-03-31":14.59,"2016-03-31":0.0,"2014-03-31":21.78,"2011-03-31":67.21,"2015-03-31":0.0,"2013-03-31":17.43,"2006-03-31":9.54,"2012-03-31":31.05,"2017-03-31":0.0,"2010-03-31":14.56,"2009-03-31":16.25,"2007-03-31":4.92}],["Depreciation",{"2008-03-31":11.39,"2016-03-31":2.22,"2014-03-31":23.62,"2011-03-31":14.64,"2015-03-31":4.38,"2013-03-31":23.87,"2006-03-31":6.1,"2012-03-31":22.75,"2017-03-31":1.96,"2010-03-31":12.6,"2009-03-31":12.06,"2007-03-31":5.76}],["Profit before tax",{"2008-03-31":65.3,"2016-03-31":115.21,"2014-03-31":179.93,"2011-03-31":-34.8,"2015-03-31":468.65,"2013-03-31":649.49,"2006-03-31":3.51,"2012-03-31":-13.2,"2017-03-31":153.99,"2010-03-31":2.56,"2009-03-31":10.4,"2007-03-31":20.41}],["Tax",{"2008-03-31":3.4,"2016-03-31":0.0,"2014-03-31":-5.23,"2011-03-31":7.29,"2015-03-31":77.71,"2013-03-31":88.02,"2006-03-31":-2.38,"2012-03-31":2.24,"2017-03-31":0.0,"2010-03-31":3.15,"2009-03-31":-11.44,"2007-03-31":6.19}],["Net Profit",{"2008-03-31":61.9,"2016-03-31":115.21,"2014-03-31":185.16,"2011-03-31":-42.09,"2015-03-31":390.94,"2013-03-31":561.48,"2006-03-31":5.89,"2012-03-31":-15.44,"2017-03-31":154.0,"2010-03-31":-0.59,"2009-03-31":21.84,"2007-03-31":14.22}],["EPS (unadj)",{"2008-03-31":2.79,"2016-03-31":4.32,"2014-03-31":6.95,"2011-03-31":0.0,"2015-03-31":14.67,"2013-03-31":19.95,"2006-03-31":1.69,"2012-03-31":0.0,"2017-03-31":5.76,"2010-03-31":0.0,"2009-03-31":0.98,"2007-03-31":0.79}],["Dividend Payout",{"2008-03-31":0.0,"2016-03-31":83.43,"2014-03-31":51.76,"2011-03-31":-0.0,"2015-03-31":34.08,"2013-03-31":57.69,"2006-03-31":0.0,"2012-03-31":-0.0,"2017-03-31":0.0,"2010-03-31":-0.0,"2009-03-31":0.0,"2007-03-31":0.0}]],"cashflow":[["Cash from Operating Activity",{"2008-03-31":-18.29,"2016-03-31":-57.47,"2014-03-31":-52.87,"2011-03-31":-26.61,"2015-03-31":117.19,"2013-03-31":-212.39,"2006-03-31":-23.61,"2012-03-31":-43.4,"2017-03-31":-61.93,"2010-03-31":9.43,"2009-03-31":-14.61,"2007-03-31":-39.11}],["Cash from Investing Activity",{"2008-03-31":-968.49,"2016-03-31":121.19,"2014-03-31":157.86,"2011-03-31":155.4,"2015-03-31":40.21,"2013-03-31":357.16,"2006-03-31":-63.03,"2012-03-31":12.85,"2017-03-31":116.55,"2010-03-31":-884.15,"2009-03-31":384.23,"2007-03-31":-94.52}],["Cash from Financing Activity",{"2008-03-31":986.2,"2016-03-31":-74.66,"2014-03-31":-101.89,"2011-03-31":-45.51,"2015-03-31":-156.58,"2013-03-31":-275.23,"2006-03-31":93.45,"2012-03-31":71.1,"2017-03-31":-48.01,"2010-03-31":722.82,"2009-03-31":-210.86,"2007-03-31":136.88}],["Net Cash Flow",{"2008-03-31":-0.58,"2016-03-31":-10.93,"2014-03-31":3.1,"2011-03-31":83.28,"2015-03-31":0.81,"2013-03-31":-130.46,"2006-03-31":6.81,"2012-03-31":40.55,"2017-03-31":6.61,"2010-03-31":-151.9,"2009-03-31":158.76,"2007-03-31":3.25}]],"quarters":[["Sales",{"2016-06-30":131.73,"2016-12-31":103.21,"2017-03-31":7.02,"2017-06-30":91.65,"2015-06-30":40.08,"2015-03-31":38.76,"2017-09-30":5.54,"2015-12-31":136.42,"2016-03-31":12.94,"2017-12-31":119.74,"2016-09-30":12.96,"2015-09-30":11.27}],["Expenses",{"2016-06-30":24.27,"2016-12-31":22.53,"2017-03-31":27.14,"2017-06-30":24.69,"2015-06-30":14.52,"2015-03-31":39.57,"2017-09-30":24.8,"2015-12-31":17.27,"2016-03-31":36.38,"2017-12-31":30.58,"2016-09-30":26.38,"2015-09-30":15.63}],["Operating Profit",{"2016-06-30":107.46,"2016-12-31":80.68,"2017-03-31":-20.12,"2017-06-30":66.96,"2015-06-30":25.56,"2015-03-31":-0.81,"2017-09-30":-19.26,"2015-12-31":119.15,"2016-03-31":-23.44,"2017-12-31":89.16,"2016-09-30":-13.42,"2015-09-30":-4.36}],["OPM",{"2016-06-30":81.58,"2016-12-31":78.17,"2017-03-31":-286.61,"2017-06-30":73.06,"2015-06-30":63.77,"2015-03-31":-2.09,"2017-09-30":-347.65,"2015-12-31":87.34,"2016-03-31":-181.14,"2017-12-31":74.46,"2016-09-30":-103.55,"2015-09-30":-38.69}],["Other Income",{"2016-06-30":0.17,"2016-12-31":0.29,"2017-03-31":0.11,"2017-06-30":0.1,"2015-06-30":0.11,"2015-03-31":1.15,"2017-09-30":0.35,"2015-12-31":0.13,"2016-03-31":0.16,"2017-12-31":0.12,"2016-09-30":0.79,"2015-09-30":0.11}],["Depreciation",{"2016-06-30":0.51,"2016-12-31":0.48,"2017-03-31":0.48,"2017-06-30":0.48,"2015-06-30":0.52,"2015-03-31":1.17,"2017-09-30":0.47,"2015-12-31":0.62,"2016-03-31":0.55,"2017-12-31":0.48,"2016-09-30":0.49,"2015-09-30":0.53}],["Interest",{"2016-06-30":0.0,"2016-12-31":0.0,"2017-03-31":0.0,"2017-06-30":0.0,"2015-06-30":0.0,"2015-03-31":0.0,"2017-09-30":0.0,"2015-12-31":0.0,"2016-03-31":0.0,"2017-12-31":0.0,"2016-09-30":0.0,"2015-09-30":0.0}],["Profit before tax",{"2016-06-30":107.12,"2016-12-31":80.49,"2017-03-31":-20.49,"2017-06-30":66.58,"2015-06-30":25.15,"2015-03-31":-0.83,"2017-09-30":-19.38,"2015-12-31":118.66,"2016-03-31":-23.83,"2017-12-31":88.8,"2016-09-30":-13.12,"2015-09-30":-4.78}],["Tax",{"2016-06-30":0.0,"2016-12-31":0.0,"2017-03-31":0.0,"2017-06-30":0.0,"2015-06-30":0.42,"2015-03-31":7.42,"2017-09-30":0.0,"2015-12-31":-8.71,"2016-03-31":0.0,"2017-12-31":0.0,"2016-09-30":0.0,"2015-09-30":8.29}],["Net Profit",{"2016-06-30":107.12,"2016-12-31":80.49,"2017-03-31":-20.49,"2017-06-30":66.58,"2015-06-30":24.73,"2015-03-31":-8.25,"2017-09-30":-19.38,"2015-12-31":127.37,"2016-03-31":-23.83,"2017-12-31":88.8,"2016-09-30":-13.12,"2015-09-30":-13.07}]]},"bse_code":"500271","short_name":"Max Financial","nse_code":"MFSL","companyrating_set":[],"annualreport_set":[{"source":"bse","report_date":2017,"link":"http://www.bseindia.com/bseplus/AnnualReport/500271/5002710317.pdf"},{"source":"bse","report_date":2016,"link":"http://www.bseindia.com/bseplus/AnnualReport/500271/5002710316.pdf"},{"source":"bse","report_date":2015,"link":"http://www.bseindia.com/bseplus/AnnualReport/500271/5002710315.pdf"},{"source":"bse","report_date":2014,"link":"http://www.bseindia.com/bseplus/AnnualReport/500271/5002710314.pdf"},{"source":"bse","report_date":2013,"link":"http://www.bseindia.com/bseplus/annualreport/500271/5002710313.pdf"},{"source":"nse","report_date":2012,"link":"http://nseindia.com/annual_reports/AR_MAX_2011_2012_18092012123740.zip"},{"source":"bse","report_date":2011,"link":"http://www.bseindia.com/bseplus/annualreport/500271/5002710311.pdf"},{"source":"nse","report_date":2011,"link":"http://nseindia.com/annual_reports/AR_MAX_2010_2011_02112011115858.zip"},{"source":"bse","report_date":2010,"link":"http://www.bseindia.com/bseplus/annualreport/500271/5002710310.pdf"},{"source":"nse","report_date":2010,"link":"http://nseindia.com/annual_reports/AR_MAX_2009_2010_13092010120000.zip"}],"announcement_set":[{"ann_date":"05 Apr 2018","announcement":"Statement Of Investor Complaints For The Quarter Ended March 2018","link":"https://www.bseindia.com/corporates/anndet_new.aspx?newsid=69ec7f7b-548f-4613-b043-e2af9170d669"},{"ann_date":"05 Apr 2018","announcement":"Announcement under Regulation 30 (LODR)-Allotment of ESOP / ESPS","link":"https://www.bseindia.com/corporates/anndet_new.aspx?newsid=0d8768bd-8adc-49d7-9f45-9a470664cd0e"},{"ann_date":"04 Apr 2018","announcement":"Board Meeting-Closure of Trading Window","link":"https://www.bseindia.com/corporates/anndet_new.aspx?newsid=a4cb2e1a-d6f7-4a0d-93fa-f9dfaec40ed1"},{"ann_date":"04 Apr 2018","announcement":"Board Meeting On April 9, 2018","link":"https://www.bseindia.com/corporates/anndet_new.aspx?newsid=d6416ede-eb4b-426b-a37a-3391efeea93a"},{"ann_date":"04 Apr 2018","announcement":"Compliance Certificate Pursuant To Regulation 7(3) Of The Securities And Exchange Board Of India (Listing Obligations And Disclosure Requirements) Regulations, 2015","link":"https://www.bseindia.com/corporates/anndet_new.aspx?newsid=053ed03b-c71d-4346-b218-a68333203064"}],"warehouse_set":{"high_price":683.95,"low_price":417.3,"sales_growth":-14.14,"current_price":452.45,"dividend_yield":0.0,"face_value":2.0,"id":938,"sales_growth_3years":-36.47,"average_return_on_equity_3years":9.25,"book_value":73.19,"status":"Active","pair_url":"/company/MFSL/consolidated","sales_growth_10years":-1.17,"average_return_on_equity_10years":5.54,"profit_growth":-23.33,"market_capitalization":12143.04,"profit_growth_10years":10.67,"price_to_earning":105.13,"industry":"Life Insurance","analysis":{"remarks":["Some businesses are provided tax benefits to encourage their development"],"bad":["Promoter's stake has decreased","The company has delivered a poor growth of -19.32% over past five years.","Promoter holding is low: 30.29%","Though the company is reporting regular profits, it is not paying out tax","Company has a low return on equity of 9.25% for last 3 years.","Promoters have pledged 73.85% of their holding"],"good":["Company is virtually debt free.","Company has been maintaining a healthy dividend payout of 34.74%"]},"result_type":"sa","profit_growth_3years":-6.02,"sales_growth_5years":-19.32,"return_on_equity":8.8,"average_return_on_equity_5years":10.69},"id":2035,"name":"Max Financial Services Ltd"}
