{"prime":"sa","number_set":{"balancesheet":[["Share Capital",{"2008-03-31":89.34,"2016-03-31":89.34,"2014-03-31":89.34,"2011-03-31":89.34,"2015-03-31":89.34,"2013-03-31":89.34,"2006-03-31":89.34,"2012-03-31":89.34,"2017-03-31":98.78,"2010-03-31":89.34,"2009-03-31":89.34,"2007-03-31":89.34}],["Reserves",{"2008-03-31":491.33,"2016-03-31":1639.09,"2014-03-31":1207.62,"2011-03-31":825.71,"2015-03-31":1318.12,"2013-03-31":1093.29,"2006-03-31":296.14,"2012-03-31":977.7,"2017-03-31":1741.26,"2010-03-31":690.54,"2009-03-31":586.08,"2007-03-31":391.57}],["Borrowings",{"2008-03-31":23.88,"2016-03-31":4.98,"2014-03-31":7.98,"2011-03-31":10.79,"2015-03-31":15.59,"2013-03-31":9.83,"2006-03-31":41.55,"2012-03-31":10.47,"2017-03-31":2.7,"2010-03-31":11.0,"2009-03-31":16.0,"2007-03-31":32.71}],["Other Liabilities",{"2008-03-31":190.26,"2016-03-31":643.87,"2014-03-31":669.36,"2011-03-31":356.72,"2015-03-31":749.16,"2013-03-31":590.51,"2006-03-31":156.06,"2012-03-31":468.77,"2017-03-31":790.46,"2010-03-31":282.88,"2009-03-31":235.69,"2007-03-31":170.87}],["Total Liabilities",{"2008-03-31":794.81,"2016-03-31":2377.28,"2014-03-31":1974.3,"2011-03-31":1282.56,"2015-03-31":2172.21,"2013-03-31":1782.97,"2006-03-31":583.09,"2012-03-31":1546.28,"2017-03-31":2633.2,"2010-03-31":1073.76,"2009-03-31":927.11,"2007-03-31":684.49}],["Fixed Assets",{"2008-03-31":433.58,"2016-03-31":1128.75,"2014-03-31":991.49,"2011-03-31":639.07,"2015-03-31":1064.01,"2013-03-31":925.69,"2006-03-31":378.47,"2012-03-31":763.71,"2017-03-31":1304.75,"2010-03-31":520.84,"2009-03-31":477.87,"2007-03-31":401.72}],["CWIP",{"2008-03-31":132.71,"2016-03-31":428.87,"2014-03-31":345.44,"2011-03-31":289.22,"2015-03-31":379.62,"2013-03-31":314.77,"2006-03-31":80.01,"2012-03-31":321.83,"2017-03-31":411.53,"2010-03-31":248.67,"2009-03-31":180.04,"2007-03-31":107.88}],["Investments",{"2008-03-31":70.99,"2016-03-31":393.4,"2014-03-31":342.07,"2011-03-31":113.03,"2015-03-31":371.47,"2013-03-31":302.12,"2006-03-31":27.13,"2012-03-31":235.51,"2017-03-31":466.67,"2010-03-31":95.55,"2009-03-31":86.58,"2007-03-31":55.17}],["Other Assets",{"2008-03-31":157.53,"2016-03-31":426.26,"2014-03-31":295.3,"2011-03-31":241.24,"2015-03-31":357.11,"2013-03-31":240.39,"2006-03-31":97.48,"2012-03-31":225.23,"2017-03-31":450.25,"2010-03-31":208.7,"2009-03-31":182.62,"2007-03-31":119.72}],["Total Assets",{"2008-03-31":794.81,"2016-03-31":2377.28,"2014-03-31":1974.3,"2011-03-31":1282.56,"2015-03-31":2172.21,"2013-03-31":1782.97,"2006-03-31":583.09,"2012-03-31":1546.28,"2017-03-31":2633.2,"2010-03-31":1073.76,"2009-03-31":927.11,"2007-03-31":684.49}]],"annual":[["Sales",{"2008-03-31":590.69,"2016-03-31":2078.3,"2014-03-31":1885.15,"2011-03-31":841.43,"2015-03-31":2094.93,"2013-03-31":1514.38,"2006-03-31":461.74,"2012-03-31":1309.03,"2017-03-31":2033.97,"2010-03-31":772.81,"2009-03-31":639.4,"2007-03-31":540.28}],["Expenses",{"2008-03-31":350.58,"2016-03-31":1593.95,"2014-03-31":1396.94,"2011-03-31":463.96,"2015-03-31":1605.24,"2013-03-31":1031.71,"2006-03-31":null,"2012-03-31":810.31,"2017-03-31":1418.51,"2010-03-31":506.61,"2009-03-31":401.31,"2007-03-31":null}],["Operating Profit",{"2008-03-31":240.11,"2016-03-31":484.35,"2014-03-31":488.21,"2011-03-31":377.47,"2015-03-31":489.69,"2013-03-31":482.67,"2006-03-31":null,"2012-03-31":498.72,"2017-03-31":615.46,"2010-03-31":266.2,"2009-03-31":238.09,"2007-03-31":null}],["OPM",{"2008-03-31":40.65,"2016-03-31":23.31,"2014-03-31":25.9,"2011-03-31":44.86,"2015-03-31":23.38,"2013-03-31":31.87,"2006-03-31":null,"2012-03-31":38.1,"2017-03-31":30.26,"2010-03-31":34.45,"2009-03-31":37.24,"2007-03-31":null}],["Other Income",{"2008-03-31":11.37,"2016-03-31":47.18,"2014-03-31":34.49,"2011-03-31":11.14,"2015-03-31":40.71,"2013-03-31":31.86,"2006-03-31":5.25,"2012-03-31":19.37,"2017-03-31":52.66,"2010-03-31":16.14,"2009-03-31":14.72,"2007-03-31":9.88}],["Interest",{"2008-03-31":1.99,"2016-03-31":2.22,"2014-03-31":0.21,"2011-03-31":0.7,"2015-03-31":1.21,"2013-03-31":1.07,"2006-03-31":4.73,"2012-03-31":0.29,"2017-03-31":1.02,"2010-03-31":1.87,"2009-03-31":1.45,"2007-03-31":2.2}],["Depreciation",{"2008-03-31":37.21,"2016-03-31":82.61,"2014-03-31":80.72,"2011-03-31":55.57,"2015-03-31":79.91,"2013-03-31":71.11,"2006-03-31":32.18,"2012-03-31":63.84,"2017-03-31":95.13,"2010-03-31":48.09,"2009-03-31":40.56,"2007-03-31":33.97}],["Profit before tax",{"2008-03-31":219.71,"2016-03-31":471.63,"2014-03-31":441.78,"2011-03-31":332.34,"2015-03-31":449.29,"2013-03-31":442.35,"2006-03-31":203.93,"2012-03-31":453.97,"2017-03-31":600.66,"2010-03-31":243.55,"2009-03-31":220.92,"2007-03-31":205.7}],["Tax",{"2008-03-31":72.85,"2016-03-31":160.74,"2014-03-31":144.53,"2011-03-31":106.84,"2015-03-31":148.29,"2013-03-31":143.85,"2006-03-31":64.76,"2012-03-31":146.23,"2017-03-31":207.23,"2010-03-31":81.79,"2009-03-31":73.91,"2007-03-31":68.47}],["Net Profit",{"2008-03-31":146.86,"2016-03-31":310.89,"2014-03-31":297.25,"2011-03-31":225.51,"2015-03-31":301.0,"2013-03-31":298.51,"2006-03-31":139.17,"2012-03-31":307.74,"2017-03-31":393.43,"2010-03-31":161.76,"2009-03-31":147.01,"2007-03-31":137.23}],["EPS (unadj)",{"2008-03-31":15.67,"2016-03-31":31.23,"2014-03-31":30.3,"2011-03-31":23.83,"2015-03-31":30.13,"2013-03-31":30.44,"2006-03-31":15.02,"2012-03-31":32.01,"2017-03-31":35.01,"2010-03-31":17.19,"2009-03-31":15.61,"2007-03-31":14.68}],["Dividend Payout",{"2008-03-31":27.38,"2016-03-31":50.29,"2014-03-31":52.6,"2011-03-31":34.47,"2015-03-31":51.94,"2013-03-31":52.38,"2006-03-31":25.68,"2012-03-31":43.55,"2017-03-31":47.7,"2010-03-31":30.38,"2009-03-31":30.39,"2007-03-31":26.04}]],"cashflow":[["Cash from Operating Activity",{"2008-03-31":159.25,"2016-03-31":419.04,"2014-03-31":397.64,"2011-03-31":294.46,"2015-03-31":426.71,"2013-03-31":438.89,"2006-03-31":158.81,"2012-03-31":427.96,"2017-03-31":546.68,"2010-03-31":209.76,"2009-03-31":189.39,"2007-03-31":170.19}],["Cash from Investing Activity",{"2008-03-31":-97.76,"2016-03-31":-222.21,"2014-03-31":-199.86,"2011-03-31":-241.65,"2015-03-31":-260.72,"2013-03-31":-285.37,"2006-03-31":-80.38,"2012-03-31":-325.69,"2017-03-31":-277.72,"2010-03-31":-150.9,"2009-03-31":-128.96,"2007-03-31":-107.69}],["Cash from Financing Activity",{"2008-03-31":-52.71,"2016-03-31":-191.43,"2014-03-31":-185.16,"2011-03-31":-58.22,"2015-03-31":-176.08,"2013-03-31":-156.98,"2006-03-31":-68.97,"2012-03-31":-90.96,"2017-03-31":-283.76,"2010-03-31":-58.76,"2009-03-31":-56.44,"2007-03-31":-51.85}],["Net Cash Flow",{"2008-03-31":8.78,"2016-03-31":5.4,"2014-03-31":12.62,"2011-03-31":-5.41,"2015-03-31":-10.09,"2013-03-31":-3.46,"2006-03-31":9.46,"2012-03-31":11.31,"2017-03-31":-14.8,"2010-03-31":0.1,"2009-03-31":3.99,"2007-03-31":10.65}]],"quarters":[["Sales",{"2016-06-30":483.44,"2016-12-31":504.31,"2017-03-31":525.33,"2017-06-30":530.86,"2015-06-30":513.8,"2017-09-30":533.76,"2015-12-31":515.02,"2016-03-31":510.25,"2017-12-31":581.41,"2016-09-30":520.89,"2015-09-30":539.24}],["Expenses",{"2016-06-30":331.09,"2016-12-31":337.16,"2017-03-31":362.2,"2017-06-30":327.6,"2015-06-30":387.31,"2017-09-30":333.47,"2015-12-31":387.11,"2016-03-31":375.58,"2017-12-31":380.52,"2016-09-30":359.36,"2015-09-30":419.54}],["Operating Profit",{"2016-06-30":152.35,"2016-12-31":167.15,"2017-03-31":163.13,"2017-06-30":203.26,"2015-06-30":126.49,"2017-09-30":200.29,"2015-12-31":127.91,"2016-03-31":134.67,"2017-12-31":200.89,"2016-09-30":161.53,"2015-09-30":119.7}],["OPM",{"2016-06-30":31.51,"2016-12-31":33.14,"2017-03-31":31.05,"2017-06-30":38.29,"2015-06-30":24.62,"2017-09-30":37.52,"2015-12-31":24.84,"2016-03-31":26.39,"2017-12-31":34.55,"2016-09-30":31.01,"2015-09-30":22.2}],["Other Income",{"2016-06-30":12.33,"2016-12-31":12.4,"2017-03-31":12.95,"2017-06-30":12.01,"2015-06-30":11.49,"2017-09-30":13.86,"2015-12-31":10.32,"2016-03-31":14.54,"2017-12-31":14.14,"2016-09-30":14.98,"2015-09-30":11.35}],["Depreciation",{"2016-06-30":21.61,"2016-12-31":24.73,"2017-03-31":25.68,"2017-06-30":24.63,"2015-06-30":19.96,"2017-09-30":25.85,"2015-12-31":20.72,"2016-03-31":21.04,"2017-12-31":26.77,"2016-09-30":23.11,"2015-09-30":20.89}],["Interest",{"2016-06-30":0.53,"2016-12-31":0.46,"2017-03-31":-0.07,"2017-06-30":0.2,"2015-06-30":0.36,"2017-09-30":0.0,"2015-12-31":0.86,"2016-03-31":0.49,"2017-12-31":0.0,"2016-09-30":0.11,"2015-09-30":0.52}],["Profit before tax",{"2016-06-30":142.54,"2016-12-31":154.36,"2017-03-31":150.47,"2017-06-30":190.44,"2015-06-30":117.66,"2017-09-30":188.3,"2015-12-31":106.33,"2016-03-31":127.68,"2017-12-31":188.26,"2016-09-30":153.29,"2015-09-30":109.64}],["Tax",{"2016-06-30":49.81,"2016-12-31":55.36,"2017-03-31":51.0,"2017-06-30":66.11,"2015-06-30":39.79,"2017-09-30":63.51,"2015-12-31":40.59,"2016-03-31":43.29,"2017-12-31":64.28,"2016-09-30":51.05,"2015-09-30":37.07}],["Net Profit",{"2016-06-30":92.73,"2016-12-31":99.0,"2017-03-31":99.47,"2017-06-30":124.33,"2015-06-30":77.87,"2017-09-30":124.79,"2015-12-31":76.06,"2016-03-31":84.39,"2017-12-31":123.98,"2016-09-30":102.24,"2015-09-30":72.57}]]},"bse_code":"539957","short_name":"Mahanagar Gas","nse_code":"MGL","companyrating_set":[],"annualreport_set":[{"source":"bse","report_date":2017,"link":"http://www.bseindia.com/bseplus/AnnualReport/539957/5399570317.pdf"},{"source":"bse","report_date":2016,"link":"http://www.bseindia.com/bseplus/AnnualReport/539957/5399570316.pdf"}],"announcement_set":[{"ann_date":"05 Apr 2018","announcement":"Appointment Of Independent Director","link":"https://www.bseindia.com/corporates/anndet_new.aspx?newsid=c93b3ffb-5ef0-4afb-9e6b-1702094acc84"},{"ann_date":"03 Apr 2018","announcement":"Announcement under Regulation 30 (LODR)-Analyst / Investor Meet - Intimation","link":"https://www.bseindia.com/corporates/anndet_new.aspx?newsid=787621b9-cad9-49c5-beaa-3c5ee1409fcc"},{"ann_date":"02 Apr 2018","announcement":"Announcement under Regulation 30 (LODR)-Analyst / Investor Meet - Intimation","link":"https://www.bseindia.com/corporates/anndet_new.aspx?newsid=be20c1a3-9f20-4b3f-9ac5-33aef46c563d"},{"ann_date":"22 Mar 2018","announcement":"Announcement under Regulation 30 (LODR)-Analyst / Investor Meet - Intimation","link":"https://www.bseindia.com/corporates/anndet_new.aspx?newsid=0bf70f65-88fd-4009-99f4-ce4b225c692c"},{"ann_date":"13 Mar 2018","announcement":"Announcement under Regulation 30 (LODR)-Analyst / Investor Meet - Intimation","link":"https://www.bseindia.com/corporates/anndet_new.aspx?newsid=8d2cb3f2-8a6e-427d-bf16-69339bb61481"}],"warehouse_set":{"high_price":1377.5,"low_price":880.0,"sales_growth":7.55,"current_price":1012.8,"dividend_yield":1.88,"face_value":10.0,"id":10011400,"sales_growth_3years":2.56,"profit_growth_5years":5.03,"average_return_on_equity_3years":21.3,"book_value":224.05,"status":"Active","pair_url":null,"sales_growth_10years":14.73,"average_return_on_equity_10years":23.1,"profit_growth":24.9,"market_capitalization":10004.21,"profit_growth_10years":11.55,"price_to_earning":21.17,"industry":"Utilities:Non-Elec.","analysis":{"remarks":[],"bad":["The company has delivered a poor growth of 9.21% over past five years."],"good":["Company has reduced debt.","Company is virtually debt free.","Company has been maintaining a healthy dividend payout of 49.77%"]},"result_type":"sa","profit_growth_3years":9.79,"sales_growth_5years":9.21,"return_on_equity":22.05,"average_return_on_equity_5years":22.6},"id":1273407,"name":"Mahanagar Gas Ltd"}
