{"prime":"con","number_set":{"balancesheet":[["Share Capital",{"2008-03-31":35.56,"2016-03-31":132.3,"2014-03-31":88.2,"2011-03-31":38.8,"2015-03-31":88.2,"2013-03-31":58.8,"2006-03-31":23.49,"2012-03-31":39.2,"2017-03-31":140.4,"2010-03-31":37.46,"2009-03-31":35.56,"2007-03-31":23.49}],["Reserves",{"2008-03-31":364.89,"2016-03-31":2321.6,"2014-03-31":1807.8,"2011-03-31":969.4,"2015-03-31":2004.3,"2013-03-31":1555.6,"2006-03-31":202.54,"2012-03-31":1236.7,"2017-03-31":5662.3,"2010-03-31":677.09,"2009-03-31":378.28,"2007-03-31":275.49}],["Borrowings",{"2008-03-31":461.06,"2016-03-31":485.2,"2014-03-31":757.8,"2011-03-31":789.8,"2015-03-31":533.6,"2013-03-31":927.3,"2006-03-31":378.95,"2012-03-31":939.7,"2017-03-31":1293.5,"2010-03-31":412.97,"2009-03-31":538.15,"2007-03-31":398.01}],["Other Liabilities",{"2008-03-31":371.47,"2016-03-31":959.9,"2014-03-31":1017.4,"2011-03-31":696.0,"2015-03-31":1112.8,"2013-03-31":906.0,"2006-03-31":296.27,"2012-03-31":811.8,"2017-03-31":1186.2,"2010-03-31":552.7,"2009-03-31":451.31,"2007-03-31":373.31}],["Total Liabilities",{"2008-03-31":1232.98,"2016-03-31":3899.0,"2014-03-31":3671.2,"2011-03-31":2494.0,"2015-03-31":3738.9,"2013-03-31":3447.7,"2006-03-31":901.25,"2012-03-31":3027.0,"2017-03-31":8282.4,"2010-03-31":1680.22,"2009-03-31":1403.3,"2007-03-31":1070.3}],["Fixed Assets",{"2008-03-31":412.32,"2016-03-31":1408.9,"2014-03-31":1434.4,"2011-03-31":897.5,"2015-03-31":1461.8,"2013-03-31":1419.6,"2006-03-31":259.24,"2012-03-31":1217.7,"2017-03-31":1383.3,"2010-03-31":669.12,"2009-03-31":466.87,"2007-03-31":324.95}],["CWIP",{"2008-03-31":19.66,"2016-03-31":65.2,"2014-03-31":51.9,"2011-03-31":117.9,"2015-03-31":39.9,"2013-03-31":86.1,"2006-03-31":22.51,"2012-03-31":125.5,"2017-03-31":53.0,"2010-03-31":83.72,"2009-03-31":147.7,"2007-03-31":6.82}],["Investments",{"2008-03-31":177.53,"2016-03-31":769.4,"2014-03-31":582.1,"2011-03-31":343.9,"2015-03-31":732.0,"2013-03-31":513.2,"2006-03-31":23.44,"2012-03-31":370.4,"2017-03-31":4557.1,"2010-03-31":235.47,"2009-03-31":276.36,"2007-03-31":130.02}],["Other Assets",{"2008-03-31":623.47,"2016-03-31":1655.5,"2014-03-31":1602.8,"2011-03-31":1134.7,"2015-03-31":1505.2,"2013-03-31":1428.8,"2006-03-31":596.06,"2012-03-31":1313.4,"2017-03-31":2289.0,"2010-03-31":691.91,"2009-03-31":512.37,"2007-03-31":608.51}],["Total Assets",{"2008-03-31":1232.98,"2016-03-31":3899.0,"2014-03-31":3671.2,"2011-03-31":2494.0,"2015-03-31":3738.9,"2013-03-31":3447.7,"2006-03-31":901.25,"2012-03-31":3027.0,"2017-03-31":8282.4,"2010-03-31":1680.22,"2009-03-31":1403.3,"2007-03-31":1070.3}]],"annual":[["Sales",{"2008-03-31":1303.1,"2016-03-31":5293.0,"2014-03-31":4524.5,"2011-03-31":2823.6,"2015-03-31":4985.0,"2013-03-31":4304.1,"2006-03-31":713.43,"2012-03-31":3571.8,"2017-03-31":6347.8,"2010-03-31":1704.87,"2009-03-31":1294.94,"2007-03-31":1081.22}],["Expenses",{"2008-03-31":1120.12,"2016-03-31":4262.4,"2014-03-31":3679.7,"2011-03-31":2393.3,"2015-03-31":4109.6,"2013-03-31":3547.1,"2006-03-31":594.49,"2012-03-31":3053.4,"2017-03-31":5071.8,"2010-03-31":1471.67,"2009-03-31":1163.47,"2007-03-31":901.48}],["Operating Profit",{"2008-03-31":182.98,"2016-03-31":1030.6,"2014-03-31":844.8,"2011-03-31":430.3,"2015-03-31":875.4,"2013-03-31":757.0,"2006-03-31":118.94,"2012-03-31":518.4,"2017-03-31":1276.0,"2010-03-31":233.2,"2009-03-31":131.47,"2007-03-31":179.74}],["OPM",{"2008-03-31":14.04,"2016-03-31":19.47,"2014-03-31":18.67,"2011-03-31":15.24,"2015-03-31":17.56,"2013-03-31":17.59,"2006-03-31":16.67,"2012-03-31":14.51,"2017-03-31":20.1,"2010-03-31":13.68,"2009-03-31":10.15,"2007-03-31":16.62}],["Other Income",{"2008-03-31":57.5,"2016-03-31":170.8,"2014-03-31":108.3,"2011-03-31":79.2,"2015-03-31":85.8,"2013-03-31":91.5,"2006-03-31":27.87,"2012-03-31":93.1,"2017-03-31":106.9,"2010-03-31":124.73,"2009-03-31":38.98,"2007-03-31":32.0}],["Interest",{"2008-03-31":26.47,"2016-03-31":47.4,"2014-03-31":41.7,"2011-03-31":32.0,"2015-03-31":30.3,"2013-03-31":53.5,"2006-03-31":17.33,"2012-03-31":59.8,"2017-03-31":12.4,"2010-03-31":26.51,"2009-03-31":30.84,"2007-03-31":25.55}],["Depreciation",{"2008-03-31":50.06,"2016-03-31":200.8,"2014-03-31":153.0,"2011-03-31":83.0,"2015-03-31":207.1,"2013-03-31":145.3,"2006-03-31":35.73,"2012-03-31":117.2,"2017-03-31":197.7,"2010-03-31":64.57,"2009-03-31":54.51,"2007-03-31":44.74}],["Profit before tax",{"2008-03-31":163.95,"2016-03-31":953.2,"2014-03-31":758.4,"2011-03-31":394.5,"2015-03-31":723.8,"2013-03-31":649.7,"2006-03-31":93.75,"2012-03-31":434.5,"2017-03-31":1172.8,"2010-03-31":266.85,"2009-03-31":85.1,"2007-03-31":141.45}],["Tax",{"2008-03-31":35.76,"2016-03-31":234.6,"2014-03-31":223.3,"2011-03-31":107.0,"2015-03-31":208.9,"2013-03-31":180.1,"2006-03-31":11.08,"2012-03-31":117.3,"2017-03-31":345.5,"2010-03-31":88.38,"2009-03-31":15.56,"2007-03-31":27.28}],["Net Profit",{"2008-03-31":128.19,"2016-03-31":718.6,"2014-03-31":535.1,"2011-03-31":287.5,"2015-03-31":514.9,"2013-03-31":469.6,"2006-03-31":82.67,"2012-03-31":317.2,"2017-03-31":827.3,"2010-03-31":178.47,"2009-03-31":69.54,"2007-03-31":114.17}],["EPS (unadj)",{"2008-03-31":3.38,"2016-03-31":4.67,"2014-03-31":5.64,"2011-03-31":6.96,"2015-03-31":5.23,"2013-03-31":7.65,"2006-03-31":3.36,"2012-03-31":7.8,"2017-03-31":5.89,"2010-03-31":4.47,"2009-03-31":1.73,"2007-03-31":4.61}],["Dividend Payout",{"2008-03-31":37.44,"2016-03-31":46.02,"2014-03-31":41.2,"2011-03-31":37.07,"2015-03-31":51.38,"2013-03-31":25.04,"2006-03-31":32.68,"2012-03-31":27.49,"2017-03-31":33.93,"2010-03-31":36.73,"2009-03-31":69.03,"2007-03-31":30.86}]],"cashflow":[["Cash from Operating Activity",{"2008-03-31":141.6,"2016-03-31":678.3,"2014-03-31":669.3,"2011-03-31":124.4,"2015-03-31":820.8,"2013-03-31":600.0,"2006-03-31":71.93,"2012-03-31":429.1,"2017-03-31":706.8,"2010-03-31":199.21,"2009-03-31":320.63,"2007-03-31":79.47}],["Cash from Investing Activity",{"2008-03-31":-156.83,"2016-03-31":-19.3,"2014-03-31":-304.9,"2011-03-31":-509.9,"2015-03-31":-158.5,"2013-03-31":-354.4,"2006-03-31":-160.32,"2012-03-31":-339.2,"2017-03-31":-3862.9,"2010-03-31":-190.14,"2009-03-31":-314.15,"2007-03-31":-166.0}],["Cash from Financing Activity",{"2008-03-31":11.31,"2016-03-31":-789.6,"2014-03-31":-412.2,"2011-03-31":386.5,"2015-03-31":-534.6,"2013-03-31":-200.4,"2006-03-31":242.31,"2012-03-31":-105.8,"2017-03-31":3326.9,"2010-03-31":9.53,"2009-03-31":-21.22,"2007-03-31":-39.11}],["Net Cash Flow",{"2008-03-31":-3.92,"2016-03-31":-130.6,"2014-03-31":-47.8,"2011-03-31":1.0,"2015-03-31":127.7,"2013-03-31":45.2,"2006-03-31":153.92,"2012-03-31":-15.9,"2017-03-31":170.8,"2010-03-31":18.6,"2009-03-31":-14.74,"2007-03-31":-125.64}]],"quarters":[["Sales",{"2016-06-30":1421.5,"2016-12-31":1559.07,"2017-03-31":1749.67,"2017-06-30":1699.42,"2015-06-30":1201.98,"2015-03-31":1282.67,"2017-09-30":1856.28,"2015-12-31":1264.16,"2016-03-31":1461.96,"2017-12-31":1794.38,"2016-09-30":1579.75,"2015-09-30":1354.75}],["Expenses",{"2016-06-30":1161.27,"2016-12-31":1234.52,"2017-03-31":1392.29,"2017-06-30":1387.12,"2015-06-30":979.69,"2015-03-31":1018.23,"2017-09-30":1492.2,"2015-12-31":1035.98,"2016-03-31":1157.53,"2017-12-31":1481.35,"2016-09-30":1259.5,"2015-09-30":1078.99}],["Operating Profit",{"2016-06-30":260.23,"2016-12-31":324.55,"2017-03-31":357.38,"2017-06-30":312.3,"2015-06-30":222.29,"2015-03-31":264.44,"2017-09-30":364.08,"2015-12-31":228.18,"2016-03-31":304.43,"2017-12-31":313.03,"2016-09-30":320.25,"2015-09-30":275.76}],["OPM",{"2016-06-30":18.31,"2016-12-31":20.82,"2017-03-31":20.43,"2017-06-30":18.38,"2015-06-30":18.49,"2015-03-31":20.62,"2017-09-30":19.61,"2015-12-31":18.05,"2016-03-31":20.82,"2017-12-31":17.45,"2016-09-30":20.27,"2015-09-30":20.36}],["Other Income",{"2016-06-30":10.53,"2016-12-31":47.42,"2017-03-31":45.74,"2017-06-30":4.65,"2015-06-30":61.12,"2015-03-31":1.94,"2017-09-30":66.17,"2015-12-31":1.87,"2016-03-31":37.63,"2017-12-31":10.2,"2016-09-30":16.76,"2015-09-30":70.23}],["Depreciation",{"2016-06-30":47.87,"2016-12-31":49.99,"2017-03-31":50.68,"2017-06-30":52.92,"2015-06-30":50.59,"2015-03-31":47.84,"2017-09-30":58.62,"2015-12-31":49.38,"2016-03-31":50.55,"2017-12-31":53.68,"2016-09-30":49.15,"2015-09-30":50.33}],["Interest",{"2016-06-30":13.51,"2016-12-31":9.98,"2017-03-31":-12.37,"2017-06-30":5.53,"2015-06-30":12.72,"2015-03-31":8.98,"2017-09-30":7.32,"2015-12-31":9.05,"2016-03-31":7.33,"2017-12-31":7.82,"2016-09-30":1.28,"2015-09-30":18.34}],["Profit before tax",{"2016-06-30":209.38,"2016-12-31":312.0,"2017-03-31":364.81,"2017-06-30":258.5,"2015-06-30":220.1,"2015-03-31":209.56,"2017-09-30":364.31,"2015-12-31":171.62,"2016-03-31":284.18,"2017-12-31":261.73,"2016-09-30":286.58,"2015-09-30":277.32}],["Tax",{"2016-06-30":65.71,"2016-12-31":99.04,"2017-03-31":92.09,"2017-06-30":67.3,"2015-06-30":59.99,"2015-03-31":63.42,"2017-09-30":92.8,"2015-12-31":50.84,"2016-03-31":45.37,"2017-12-31":87.14,"2016-09-30":88.61,"2015-09-30":78.39}],["Net Profit",{"2016-06-30":143.67,"2016-12-31":212.96,"2017-03-31":272.72,"2017-06-30":191.2,"2015-06-30":160.11,"2015-03-31":146.14,"2017-09-30":271.51,"2015-12-31":120.78,"2016-03-31":238.81,"2017-12-31":174.59,"2016-09-30":197.97,"2015-09-30":198.93}]]},"bse_code":"517334","short_name":"Motherson Sumi","nse_code":"MOTHERSUMI","companyrating_set":[{"rating__rating":"Ir AA- (Positive)","instrument":"Bank Loan Rating-Issuer Rating","rating__source":"icra","link":"http://icra.in/search.aspx?word=Motherson Sumi Systems Ltd"},{"rating__rating":"[ICRA]AA- (Positive)","instrument":"Bank Loan Rating-Long Term","rating__source":"icra","link":"http://icra.in/search.aspx?word=Motherson Sumi Systems Ltd"},{"rating__rating":"[ICRA]A1+","instrument":"Bank Loan Rating-Short Term","rating__source":"icra","link":"http://icra.in/search.aspx?word=Motherson Sumi Systems Ltd"},{"rating__rating":"CRISIL A1+","instrument":"Commercial Paper","rating__source":"crisil","link":"http://www.crisil.com/ratings/company-wise-ratings.jsp?txtSearch=Motherson Sumi Systems Ltd"},{"rating__rating":"CCR AA-(Stable)","instrument":"Corporate Credit Rating","rating__source":"crisil","link":"http://www.crisil.com/ratings/company-wise-ratings.jsp?txtSearch=Motherson Sumi Systems Ltd"},{"rating__rating":"Ir AA- (Positive)","instrument":"Corporate Debt Rating-Issuer Rating","rating__source":"icra","link":"http://icra.in/search.aspx?word=Motherson Sumi Systems Ltd"},{"rating__rating":"[ICRA]AA- (Positive)","instrument":"Corporate Debt Rating-Long Term","rating__source":"icra","link":"http://icra.in/search.aspx?word=Motherson Sumi Systems Ltd"},{"rating__rating":"[ICRA]A1+","instrument":"Corporate Debt Rating-Short Term","rating__source":"icra","link":"http://icra.in/search.aspx?word=Motherson Sumi Systems Ltd"}],"annualreport_set":[{"source":"bse","report_date":2017,"link":"http://www.bseindia.com/bseplus/AnnualReport/517334/5173340317.pdf"},{"source":"bse","report_date":2016,"link":"http://www.bseindia.com/bseplus/AnnualReport/517334/5173340316.pdf"},{"source":"bse","report_date":2015,"link":"http://www.bseindia.com/bseplus/AnnualReport/517334/5173340315.pdf"},{"source":"bse","report_date":2014,"link":"http://www.bseindia.com/bseplus/AnnualReport/517334/5173340314.pdf"},{"source":"bse","report_date":2013,"link":"http://www.bseindia.com/bseplus/annualreport/517334/5173340313.pdf"},{"source":"nse","report_date":2013,"link":"http://nseindia.com/annual_reports/AR_1015_MOTHERSUMI_2012_2013_16082013113942.zip"},{"source":"bse","report_date":2012,"link":"http://www.bseindia.com/bseplus/annualreport/517334/5173340312.PDF"},{"source":"bse","report_date":2011,"link":"http://www.bseindia.com/bseplus/annualreport/517334/5173340311.pdf"},{"source":"bse","report_date":2010,"link":"http://www.bseindia.com/bseplus/annualreport/517334/5173340310.pdf"},{"source":"nse","report_date":2010,"link":"http://nseindia.com/annual_reports/AR_MOTHERSUMI_2009_2010_13042011120723.zip"}],"announcement_set":[{"ann_date":"06 Apr 2018","announcement":"Announcement under Regulation 30 (LODR)-Analyst / Investor Meet - Intimation","link":"https://www.bseindia.com/corporates/anndet_new.aspx?newsid=3aafa7aa-2c4a-45d8-8589-0e01af6be093"},{"ann_date":"02 Apr 2018","announcement":"Board Meeting Motherson Sumi Systems Ltd.","link":"https://www.bseindia.com/corporates/anndet_new.aspx?newsid=f8e28cb6-e6e6-4982-a307-6fd6755d0ecd"},{"ann_date":"22 Mar 2018","announcement":"Announcement under Regulation 30 (LODR)-Analyst / Investor Meet - Intimation","link":"https://www.bseindia.com/corporates/anndet_new.aspx?newsid=2143c1ad-e96f-4368-83d3-1d22a92e55df"},{"ann_date":"10 Mar 2018","announcement":"Announcement under Regulation 30 (LODR)-Analyst / Investor Meet - Intimation","link":"https://www.bseindia.com/corporates/anndet_new.aspx?newsid=fa6085e4-51fb-4996-8b89-04c2f7d36062"},{"ann_date":"23 Feb 2018","announcement":"Announcement under Regulation 30 (LODR)-Analyst / Investor Meet - Intimation","link":"https://www.bseindia.com/corporates/anndet_new.aspx?newsid=bf9ebf99-45b6-48cd-a7fe-bb1d3568a3fc"}],"warehouse_set":{"high_price":395.6,"low_price":246.73,"sales_growth":17.89,"current_price":343.9,"dividend_yield":0.39,"face_value":1.0,"id":98,"sales_growth_3years":11.95,"profit_growth_5years":19.62,"average_return_on_equity_3years":22.84,"book_value":30.59,"status":"Active","pair_url":"/company/MOTHERSUMI/consolidated","sales_growth_10years":19.23,"average_return_on_equity_10years":25.65,"profit_growth":14.7,"market_capitalization":72400.91,"profit_growth_10years":24.31,"price_to_earning":79.56,"industry":"Auto Parts & Equipment","analysis":{"remarks":[],"bad":["Stock is trading at 11.24 times its book value","Promoter's stake has decreased"],"good":["Company has been maintaining a healthy dividend payout of 42.51%"]},"result_type":"sa","profit_growth_3years":13.2,"sales_growth_5years":12.19,"return_on_equity":18.72,"average_return_on_equity_5years":24.96},"id":2132,"name":"Motherson Sumi Systems Ltd"}
