{"prime":"con","number_set":{"balancesheet":[["Share Capital",{"2016-03-31":210.19,"2008-10-31":208.93,"2011-10-31":210.04,"2017-03-31":210.42,"2014-03-31":210.14,"2015-03-31":210.15,"2013-10-31":210.13,"2012-10-31":210.11,"2008-03-31":208.73,"2009-10-31":209.58,"2010-10-31":209.93,"2007-03-31":208.18}],["Reserves",{"2016-03-31":4309.69,"2008-10-31":960.35,"2011-10-31":3197.91,"2017-03-31":4484.95,"2014-03-31":3644.63,"2015-03-31":3839.36,"2013-10-31":3506.62,"2012-10-31":3422.01,"2008-03-31":767.86,"2009-10-31":1814.5,"2010-10-31":2698.09,"2007-03-31":621.05}],["Borrowings",{"2016-03-31":132.51,"2008-10-31":15.11,"2011-10-31":243.64,"2017-03-31":0.0,"2014-03-31":0.0,"2015-03-31":125.0,"2013-10-31":0.0,"2012-10-31":269.03,"2008-03-31":4.74,"2009-10-31":126.51,"2010-10-31":0.86,"2007-03-31":1.31}],["Other Liabilities",{"2016-03-31":715.81,"2008-10-31":692.99,"2011-10-31":927.42,"2017-03-31":748.06,"2014-03-31":843.93,"2015-03-31":1043.75,"2013-10-31":1237.09,"2012-10-31":1191.14,"2008-03-31":508.54,"2009-10-31":1082.15,"2010-10-31":851.65,"2007-03-31":367.18}],["Total Liabilities",{"2016-03-31":5368.2,"2008-10-31":1877.38,"2011-10-31":4579.01,"2017-03-31":5443.43,"2014-03-31":4698.7,"2015-03-31":5218.26,"2013-10-31":4953.84,"2012-10-31":5092.29,"2008-03-31":1489.87,"2009-10-31":3232.74,"2010-10-31":3760.53,"2007-03-31":1153.62}],["Fixed Assets",{"2016-03-31":49.47,"2008-10-31":195.97,"2011-10-31":168.85,"2017-03-31":77.51,"2014-03-31":75.75,"2015-03-31":64.16,"2013-10-31":69.87,"2012-10-31":120.7,"2008-03-31":180.29,"2009-10-31":184.32,"2010-10-31":143.34,"2007-03-31":122.41}],["CWIP",{"2016-03-31":1.09,"2008-10-31":51.98,"2011-10-31":7.69,"2017-03-31":0.2,"2014-03-31":0.41,"2015-03-31":1.05,"2013-10-31":3.52,"2012-10-31":11.93,"2008-03-31":38.93,"2009-10-31":8.25,"2010-10-31":6.75,"2007-03-31":2.7}],["Investments",{"2016-03-31":2929.6,"2008-10-31":453.9,"2011-10-31":2379.07,"2017-03-31":3013.22,"2014-03-31":2695.42,"2015-03-31":2296.33,"2013-10-31":2970.1,"2012-10-31":2978.46,"2008-03-31":453.86,"2009-10-31":1253.35,"2010-10-31":1689.76,"2007-03-31":453.09}],["Other Assets",{"2016-03-31":2388.04,"2008-10-31":1175.53,"2011-10-31":2023.4,"2017-03-31":2352.5,"2014-03-31":1927.12,"2015-03-31":2856.72,"2013-10-31":1910.35,"2012-10-31":1981.2,"2008-03-31":816.79,"2009-10-31":1786.82,"2010-10-31":1920.68,"2007-03-31":575.42}],["Total Assets",{"2016-03-31":5368.2,"2008-10-31":1877.38,"2011-10-31":4579.01,"2017-03-31":5443.43,"2014-03-31":4698.7,"2015-03-31":5218.26,"2013-10-31":4953.84,"2012-10-31":5092.29,"2008-03-31":1489.87,"2009-10-31":3232.74,"2010-10-31":3760.53,"2007-03-31":1153.62}]],"annual":[["Sales",{"2016-03-31":2923.64,"2008-10-31":1451.55,"2011-10-31":3404.13,"2017-03-31":3018.55,"2014-03-31":1328.97,"2015-03-31":3026.45,"2013-10-31":3321.48,"2012-10-31":3420.84,"2008-03-31":1703.56,"2009-10-31":3405.02,"2010-10-31":3770.09,"2007-03-31":1102.85}],["Expenses",{"2016-03-31":2439.49,"2008-10-31":1135.12,"2011-10-31":2545.59,"2017-03-31":2352.53,"2014-03-31":1047.93,"2015-03-31":2417.89,"2013-10-31":2629.34,"2012-10-31":2688.47,"2008-03-31":1397.85,"2009-10-31":2447.24,"2010-10-31":2672.0,"2007-03-31":912.78}],["Operating Profit",{"2016-03-31":484.15,"2008-10-31":316.43,"2011-10-31":858.54,"2017-03-31":666.02,"2014-03-31":281.04,"2015-03-31":608.56,"2013-10-31":692.14,"2012-10-31":732.37,"2008-03-31":305.71,"2009-10-31":957.78,"2010-10-31":1098.09,"2007-03-31":190.07}],["OPM",{"2016-03-31":16.56,"2008-10-31":21.8,"2011-10-31":25.22,"2017-03-31":22.06,"2014-03-31":21.15,"2015-03-31":20.11,"2013-10-31":20.84,"2012-10-31":21.41,"2008-03-31":17.95,"2009-10-31":28.13,"2010-10-31":29.13,"2007-03-31":17.23}],["Other Income",{"2016-03-31":158.19,"2008-10-31":22.29,"2011-10-31":161.88,"2017-03-31":189.12,"2014-03-31":46.21,"2015-03-31":162.14,"2013-10-31":124.39,"2012-10-31":147.18,"2008-03-31":6.2,"2009-10-31":59.18,"2010-10-31":111.45,"2007-03-31":3.21}],["Interest",{"2016-03-31":6.43,"2008-10-31":0.97,"2011-10-31":2.23,"2017-03-31":2.4,"2014-03-31":0.42,"2015-03-31":5.92,"2013-10-31":13.48,"2012-10-31":11.94,"2008-03-31":0.61,"2009-10-31":9.12,"2010-10-31":1.64,"2007-03-31":1.44}],["Depreciation",{"2016-03-31":28.76,"2008-10-31":69.09,"2011-10-31":106.61,"2017-03-31":26.38,"2014-03-31":19.44,"2015-03-31":33.12,"2013-10-31":79.86,"2012-10-31":114.38,"2008-03-31":86.95,"2009-10-31":137.03,"2010-10-31":115.79,"2007-03-31":51.25}],["Profit before tax",{"2016-03-31":607.15,"2008-10-31":268.66,"2011-10-31":911.58,"2017-03-31":826.35,"2014-03-31":307.38,"2015-03-31":731.66,"2013-10-31":723.18,"2012-10-31":753.24,"2008-03-31":224.35,"2009-10-31":870.81,"2010-10-31":1092.11,"2007-03-31":140.59}],["Tax",{"2016-03-31":150.02,"2008-10-31":4.15,"2011-10-31":129.57,"2017-03-31":201.34,"2014-03-31":84.3,"2015-03-31":178.63,"2013-10-31":183.68,"2012-10-31":142.19,"2008-03-31":3.58,"2009-10-31":33.94,"2010-10-31":95.23,"2007-03-31":9.06}],["Net Profit",{"2016-03-31":457.14,"2008-10-31":264.51,"2011-10-31":782.01,"2017-03-31":625.01,"2014-03-31":223.08,"2015-03-31":553.03,"2013-10-31":539.51,"2012-10-31":611.05,"2008-03-31":220.77,"2009-10-31":836.87,"2010-10-31":996.88,"2007-03-31":131.53}],["EPS (unadj)",{"2016-03-31":21.75,"2008-10-31":21.12,"2011-10-31":36.18,"2017-03-31":29.7,"2014-03-31":22.62,"2015-03-31":23.06,"2013-10-31":22.79,"2012-10-31":26.32,"2008-03-31":10.01,"2009-10-31":39.34,"2010-10-31":46.82,"2007-03-31":7.37}],["Dividend Payout",{"2016-03-31":91.96,"2008-10-31":15.8,"2011-10-31":17.46,"2017-03-31":57.23,"2014-03-31":65.94,"2015-03-31":60.8,"2013-10-31":66.21,"2012-10-31":58.46,"2008-03-31":31.2,"2009-10-31":8.77,"2010-10-31":8.42,"2007-03-31":37.43}]],"cashflow":[["Cash from Operating Activity",{"2016-03-31":383.81,"2008-10-31":136.63,"2011-10-31":624.97,"2017-03-31":400.4,"2014-03-31":97.39,"2015-03-31":338.45,"2013-10-31":763.05,"2012-10-31":726.6,"2008-03-31":175.32,"2009-10-31":874.33,"2010-10-31":661.73,"2007-03-31":132.66}],["Cash from Investing Activity",{"2016-03-31":-37.46,"2008-10-31":-92.73,"2011-10-31":-722.92,"2017-03-31":359.88,"2014-03-31":298.75,"2015-03-31":-264.8,"2013-10-31":-4.99,"2012-10-31":-551.79,"2008-03-31":-172.07,"2009-10-31":-877.41,"2010-10-31":-495.75,"2007-03-31":10.61}],["Cash from Financing Activity",{"2016-03-31":-404.34,"2008-10-31":-68.74,"2011-10-31":130.32,"2017-03-31":-640.34,"2014-03-31":-418.13,"2015-03-31":-53.8,"2013-10-31":-716.89,"2012-10-31":-102.27,"2008-03-31":-62.7,"2009-10-31":65.07,"2010-10-31":-208.38,"2007-03-31":-43.89}],["Net Cash Flow",{"2016-03-31":-57.99,"2008-10-31":-24.84,"2011-10-31":32.37,"2017-03-31":119.94,"2014-03-31":-21.99,"2015-03-31":19.84,"2013-10-31":41.17,"2012-10-31":72.54,"2008-03-31":-59.45,"2009-10-31":61.99,"2010-10-31":-42.4,"2007-03-31":99.38}]],"quarters":[["Sales",{"2016-06-30":713.39,"2016-12-31":780.89,"2017-03-31":760.57,"2017-06-30":785.99,"2015-06-30":737.89,"2015-03-31":737.35,"2017-09-30":805.7,"2015-12-31":732.43,"2016-03-31":697.95,"2017-12-31":827.87,"2016-09-30":763.71,"2015-09-30":755.9}],["Expenses",{"2016-06-30":582.47,"2016-12-31":583.52,"2017-03-31":577.57,"2017-06-30":595.48,"2015-06-30":612.0,"2015-03-31":608.81,"2017-09-30":593.93,"2015-12-31":597.46,"2016-03-31":616.71,"2017-12-31":606.69,"2016-09-30":606.44,"2015-09-30":614.69}],["Operating Profit",{"2016-06-30":130.92,"2016-12-31":197.37,"2017-03-31":183.0,"2017-06-30":190.51,"2015-06-30":125.89,"2015-03-31":128.54,"2017-09-30":211.77,"2015-12-31":134.97,"2016-03-31":81.24,"2017-12-31":221.18,"2016-09-30":157.27,"2015-09-30":141.21}],["OPM",{"2016-06-30":18.35,"2016-12-31":25.28,"2017-03-31":24.06,"2017-06-30":24.24,"2015-06-30":17.06,"2015-03-31":17.43,"2017-09-30":26.28,"2015-12-31":18.43,"2016-03-31":11.64,"2017-12-31":26.72,"2016-09-30":20.59,"2015-09-30":18.68}],["Other Income",{"2016-06-30":44.19,"2016-12-31":52.68,"2017-03-31":36.7,"2017-06-30":36.38,"2015-06-30":40.33,"2015-03-31":49.07,"2017-09-30":29.3,"2015-12-31":37.21,"2016-03-31":37.8,"2017-12-31":22.97,"2016-09-30":53.02,"2015-09-30":48.98}],["Depreciation",{"2016-06-30":5.7,"2016-12-31":6.6,"2017-03-31":7.09,"2017-06-30":7.8,"2015-06-30":8.02,"2015-03-31":8.14,"2017-09-30":8.08,"2015-12-31":6.42,"2016-03-31":8.2,"2017-12-31":8.0,"2016-09-30":6.99,"2015-09-30":6.12}],["Interest",{"2016-06-30":1.49,"2016-12-31":0.53,"2017-03-31":0.17,"2017-06-30":0.21,"2015-06-30":2.06,"2015-03-31":0.41,"2017-09-30":1.91,"2015-12-31":1.04,"2016-03-31":0.32,"2017-12-31":0.86,"2016-09-30":0.21,"2015-09-30":3.0}],["Profit before tax",{"2016-06-30":167.91,"2016-12-31":242.92,"2017-03-31":212.44,"2017-06-30":218.88,"2015-06-30":156.14,"2015-03-31":169.07,"2017-09-30":231.08,"2015-12-31":164.71,"2016-03-31":110.51,"2017-12-31":235.29,"2016-09-30":203.08,"2015-09-30":181.07}],["Tax",{"2016-06-30":39.61,"2016-12-31":66.31,"2017-03-31":46.0,"2017-06-30":54.09,"2015-06-30":47.02,"2015-03-31":39.7,"2017-09-30":58.41,"2015-12-31":42.42,"2016-03-31":27.31,"2017-12-31":52.03,"2016-09-30":49.43,"2015-09-30":35.1}],["Net Profit",{"2016-06-30":128.31,"2016-12-31":176.61,"2017-03-31":166.44,"2017-06-30":164.8,"2015-06-30":109.12,"2015-03-31":129.36,"2017-09-30":172.67,"2015-12-31":122.29,"2016-03-31":83.2,"2017-12-31":183.26,"2016-09-30":153.65,"2015-09-30":145.98}]]},"bse_code":"526299","short_name":"MphasiS","nse_code":"MPHASIS","companyrating_set":[],"annualreport_set":[{"source":"bse","report_date":2017,"link":"http://www.bseindia.com/bseplus/AnnualReport/526299/5262990317.pdf"},{"source":"bse","report_date":2016,"link":"http://www.bseindia.com/bseplus/AnnualReport/526299/5262990316.pdf"},{"source":"bse","report_date":2015,"link":"http://www.bseindia.com/bseplus/AnnualReport/526299/5262990315.pdf"},{"source":"bse","report_date":2014,"link":"http://www.bseindia.com/bseplus/AnnualReport/526299/5262990314.pdf"},{"source":"bse","report_date":2013,"link":"http://www.bseindia.com/bseplus/annualreport/526299/5262991013.pdf"},{"source":"nse","report_date":2013,"link":"http://nseindia.com/annual_reports/AR_3131_MPHASIS_2012_2013_09012014171709.zip"},{"source":"nse","report_date":2012,"link":"http://nseindia.com/annual_reports/AR_MPHASIS_2011_2012_03012013122526.zip"},{"source":"bse","report_date":2011,"link":"http://www.bseindia.com/bseplus/annualreport/526299/5262991011.PDF"},{"source":"nse","report_date":2010,"link":"http://nseindia.com/annual_reports/AR_MPHASIS_2009_2010_08082011072125.zip"}],"announcement_set":[{"ann_date":"26 Mar 2018","announcement":"Notice For Issue Of Duplicate Share Certificates Published In The Newspaper","link":"https://www.bseindia.com/corporates/anndet_new.aspx?newsid=b77edf4c-7256-4f0d-9b31-999ec7b5fc13"},{"ann_date":"22 Mar 2018","announcement":"Closure Of Trading Window","link":"https://www.bseindia.com/corporates/anndet_new.aspx?newsid=643135a4-3413-41a4-9003-35c718e7d0d3"},{"ann_date":"20 Mar 2018","announcement":"Announcement under Regulation 30 (LODR)-Allotment of ESOP / ESPS","link":"https://www.bseindia.com/corporates/anndet_new.aspx?newsid=d1630d2b-725f-4cd7-95b9-4855a5dd4265"},{"ann_date":"13 Mar 2018","announcement":"Announcement under Regulation 30 (LODR)-Allotment of ESOP / ESPS","link":"https://www.bseindia.com/corporates/anndet_new.aspx?newsid=f883f4bc-9ae7-4d99-9315-ade5f5d6aa53"},{"ann_date":"12 Mar 2018","announcement":"Announcement under Regulation 30 (LODR)-Analyst / Investor Meet - Intimation","link":"https://www.bseindia.com/corporates/anndet_new.aspx?newsid=c6362c07-ec61-4e51-8c91-22a608be5f4e"}],"warehouse_set":{"high_price":994.8,"low_price":521.55,"sales_growth":7.58,"current_price":917.15,"dividend_yield":2.02,"face_value":10.0,"id":1154,"sales_growth_3years":31.45,"profit_growth_5years":-1.12,"average_return_on_equity_3years":12.27,"book_value":269.9,"status":"Active","pair_url":"/company/MPHASIS/consolidated","sales_growth_10years":8.47,"average_return_on_equity_10years":19.28,"profit_growth":26.84,"market_capitalization":17724.86,"profit_growth_10years":9.03,"price_to_earning":25.77,"industry":"IT Consulting & Software","analysis":{"remarks":[],"bad":["Company has a low return on equity of 12.27% for last 3 years."],"good":["Company has reduced debt.","Company is virtually debt free.","Company has been maintaining a healthy dividend payout of 68.15%"]},"result_type":"sa","profit_growth_3years":35.95,"sales_growth_5years":-2.47,"return_on_equity":12.49,"average_return_on_equity_5years":11.55},"id":2138,"name":"MphasiS Ltd"}
