{"prime":"sa","number_set":{"balancesheet":[["Share Capital",{"2008-03-31":5.0,"2016-03-31":399.0,"2014-03-31":371.71,"2011-03-31":320.21,"2015-03-31":397.97,"2013-03-31":371.71,"2006-03-31":4.0,"2012-03-31":371.71,"2017-03-31":399.48,"2010-03-31":301.0,"2009-03-31":49.0,"2007-03-31":5.0}],["Reserves",{"2008-03-31":217.36,"2016-03-31":5220.25,"2014-03-31":3892.86,"2011-03-31":1014.2,"2015-03-31":4685.54,"2013-03-31":3363.85,"2006-03-31":86.44,"2012-03-31":2554.02,"2017-03-31":6116.97,"2010-03-31":283.55,"2009-03-31":321.23,"2007-03-31":154.29}],["Borrowings",{"2008-03-31":1915.3,"2016-03-31":18567.01,"2014-03-31":19477.57,"2011-03-31":11934.02,"2015-03-31":19436.1,"2013-03-31":24080.68,"2006-03-31":805.88,"2012-03-31":19376.42,"2017-03-31":20985.47,"2010-03-31":5280.52,"2009-03-31":3165.59,"2007-03-31":1382.65}],["Other Liabilities",{"2008-03-31":161.82,"2016-03-31":2862.48,"2014-03-31":1855.13,"2011-03-31":457.37,"2015-03-31":2249.64,"2013-03-31":1600.02,"2006-03-31":47.2,"2012-03-31":1070.05,"2017-03-31":3211.16,"2010-03-31":579.14,"2009-03-31":237.34,"2007-03-31":72.16}],["Total Liabilities",{"2008-03-31":2299.48,"2016-03-31":27048.74,"2014-03-31":25597.27,"2011-03-31":13725.8,"2015-03-31":26769.25,"2013-03-31":29416.26,"2006-03-31":943.52,"2012-03-31":23372.2,"2017-03-31":30713.08,"2010-03-31":6444.21,"2009-03-31":3773.16,"2007-03-31":1614.1}],["Fixed Assets",{"2008-03-31":99.25,"2016-03-31":218.48,"2014-03-31":312.58,"2011-03-31":183.78,"2015-03-31":257.3,"2013-03-31":289.38,"2006-03-31":50.38,"2012-03-31":262.69,"2017-03-31":208.23,"2010-03-31":124.21,"2009-03-31":116.19,"2007-03-31":49.69}],["CWIP",{"2008-03-31":9.37,"2016-03-31":8.89,"2014-03-31":14.41,"2011-03-31":4.8,"2015-03-31":6.86,"2013-03-31":13.64,"2006-03-31":0.84,"2012-03-31":5.54,"2017-03-31":9.97,"2010-03-31":29.06,"2009-03-31":13.12,"2007-03-31":13.54}],["Investments",{"2008-03-31":18.34,"2016-03-31":98.26,"2014-03-31":35.37,"2011-03-31":7.5,"2015-03-31":38.49,"2013-03-31":82.5,"2006-03-31":12.29,"2012-03-31":97.5,"2017-03-31":209.12,"2010-03-31":7.5,"2009-03-31":8.53,"2007-03-31":24.22}],["Other Assets",{"2008-03-31":2172.52,"2016-03-31":26723.11,"2014-03-31":25234.91,"2011-03-31":13529.72,"2015-03-31":26466.6,"2013-03-31":29030.74,"2006-03-31":880.01,"2012-03-31":23006.47,"2017-03-31":30285.76,"2010-03-31":6283.44,"2009-03-31":3635.32,"2007-03-31":1526.65}],["Total Assets",{"2008-03-31":2299.48,"2016-03-31":27048.74,"2014-03-31":25597.27,"2011-03-31":13725.8,"2015-03-31":26769.25,"2013-03-31":29416.26,"2006-03-31":943.52,"2012-03-31":23372.2,"2017-03-31":30713.08,"2010-03-31":6444.21,"2009-03-31":3773.16,"2007-03-31":1614.1}]],"annual":[["Sales",{"2008-03-31":366.64,"2016-03-31":4874.91,"2014-03-31":4947.35,"2011-03-31":2315.8,"2015-03-31":4324.52,"2013-03-31":5387.03,"2006-03-31":145.18,"2012-03-31":4548.93,"2017-03-31":5746.38,"2010-03-31":1077.45,"2009-03-31":615.89,"2007-03-31":229.5}],["Expenses",{"2008-03-31":81.9,"2016-03-31":1241.19,"2014-03-31":1076.76,"2011-03-31":496.63,"2015-03-31":1104.68,"2013-03-31":1006.92,"2006-03-31":37.87,"2012-03-31":812.54,"2017-03-31":1479.47,"2010-03-31":249.91,"2009-03-31":145.64,"2007-03-31":60.02}],["Operating Profit",{"2008-03-31":284.74,"2016-03-31":3633.72,"2014-03-31":3870.59,"2011-03-31":1819.17,"2015-03-31":3219.84,"2013-03-31":4380.11,"2006-03-31":107.31,"2012-03-31":3736.39,"2017-03-31":4266.91,"2010-03-31":827.54,"2009-03-31":470.25,"2007-03-31":169.48}],["OPM",{"2008-03-31":77.66,"2016-03-31":74.54,"2014-03-31":78.24,"2011-03-31":78.55,"2015-03-31":74.46,"2013-03-31":81.31,"2006-03-31":73.92,"2012-03-31":82.14,"2017-03-31":74.25,"2010-03-31":76.81,"2009-03-31":76.35,"2007-03-31":73.85}],["Other Income",{"2008-03-31":2.0,"2016-03-31":0.11,"2014-03-31":0.08,"2011-03-31":0.07,"2015-03-31":0.12,"2013-03-31":0.1,"2006-03-31":2.88,"2012-03-31":0.13,"2017-03-31":0.32,"2010-03-31":11.93,"2009-03-31":4.51,"2007-03-31":4.47}],["Interest",{"2008-03-31":182.35,"2016-03-31":2259.56,"2014-03-31":2629.65,"2011-03-31":1039.92,"2015-03-31":2107.98,"2013-03-31":2823.32,"2006-03-31":65.46,"2012-03-31":2372.35,"2017-03-31":2298.02,"2010-03-31":479.03,"2009-03-31":316.72,"2007-03-31":99.89}],["Depreciation",{"2008-03-31":7.41,"2016-03-31":57.51,"2014-03-31":47.46,"2011-03-31":18.1,"2015-03-31":84.12,"2013-03-31":45.44,"2006-03-31":3.39,"2012-03-31":32.92,"2017-03-31":48.25,"2010-03-31":14.89,"2009-03-31":9.88,"2007-03-31":7.1}],["Profit before tax",{"2008-03-31":96.98,"2016-03-31":1316.76,"2014-03-31":1193.56,"2011-03-31":761.22,"2015-03-31":1027.86,"2013-03-31":1511.45,"2006-03-31":41.34,"2012-03-31":1331.25,"2017-03-31":1920.98,"2010-03-31":345.55,"2009-03-31":148.16,"2007-03-31":66.96}],["Tax",{"2008-03-31":33.38,"2016-03-31":507.21,"2014-03-31":413.49,"2011-03-31":267.04,"2015-03-31":357.34,"2013-03-31":507.21,"2006-03-31":14.21,"2012-03-31":439.23,"2017-03-31":741.15,"2010-03-31":117.98,"2009-03-31":50.44,"2007-03-31":22.98}],["Net Profit",{"2008-03-31":63.6,"2016-03-31":809.55,"2014-03-31":780.07,"2011-03-31":494.18,"2015-03-31":670.52,"2013-03-31":1004.24,"2006-03-31":27.13,"2012-03-31":892.02,"2017-03-31":1179.83,"2010-03-31":227.57,"2009-03-31":97.72,"2007-03-31":43.98}],["EPS (unadj)",{"2008-03-31":127.2,"2016-03-31":19.07,"2014-03-31":19.97,"2011-03-31":15.43,"2015-03-31":15.76,"2013-03-31":26.29,"2006-03-31":67.83,"2012-03-31":23.35,"2017-03-31":28.31,"2010-03-31":7.56,"2009-03-31":19.94,"2007-03-31":87.96}],["Dividend Payout",{"2008-03-31":0.0,"2016-03-31":29.57,"2014-03-31":28.59,"2011-03-31":0.0,"2015-03-31":35.61,"2013-03-31":16.66,"2006-03-31":0.0,"2012-03-31":16.67,"2017-03-31":20.32,"2010-03-31":0.0,"2009-03-31":0.0,"2007-03-31":0.0}]],"cashflow":[["Cash from Operating Activity",{"2008-03-31":-276.84,"2016-03-31":213.62,"2014-03-31":5726.19,"2011-03-31":-6038.33,"2015-03-31":-460.29,"2013-03-31":-3952.44,"2006-03-31":-70.94,"2012-03-31":-8708.81,"2017-03-31":-1712.24,"2010-03-31":-2385.64,"2009-03-31":-663.35,"2007-03-31":-553.56}],["Cash from Investing Activity",{"2008-03-31":-54.1,"2016-03-31":-67.12,"2014-03-31":-2.58,"2011-03-31":-75.92,"2015-03-31":-16.23,"2013-03-31":-33.44,"2006-03-31":-35.46,"2012-03-31":-188.42,"2017-03-31":-132.24,"2010-03-31":-35.83,"2009-03-31":-12.44,"2007-03-31":-28.83}],["Cash from Financing Activity",{"2008-03-31":532.66,"2016-03-31":-1204.38,"2014-03-31":-5106.59,"2011-03-31":6739.98,"2015-03-31":254.19,"2013-03-31":4794.9,"2006-03-31":123.92,"2012-03-31":8329.48,"2017-03-31":2457.23,"2010-03-31":2114.93,"2009-03-31":1300.28,"2007-03-31":601.78}],["Net Cash Flow",{"2008-03-31":201.72,"2016-03-31":-1057.88,"2014-03-31":617.02,"2011-03-31":625.73,"2015-03-31":-222.34,"2013-03-31":809.02,"2006-03-31":17.52,"2012-03-31":-567.75,"2017-03-31":612.75,"2010-03-31":-306.54,"2009-03-31":624.49,"2007-03-31":19.39}]],"quarters":[["Sales",{"2016-06-30":1296.39,"2016-12-31":1340.85,"2017-03-31":1709.63,"2017-06-30":1392.26,"2015-06-30":1140.06,"2015-03-31":1100.35,"2017-09-30":1664.89,"2015-12-31":1138.27,"2016-03-31":1446.95,"2017-12-31":1553.71,"2016-09-30":1381.75,"2015-09-30":1136.13}],["Expenses",{"2016-06-30":308.33,"2016-12-31":291.68,"2017-03-31":564.59,"2017-06-30":303.74,"2015-06-30":278.13,"2015-03-31":290.39,"2017-09-30":417.77,"2015-12-31":275.19,"2016-03-31":397.68,"2017-12-31":366.14,"2016-09-30":319.05,"2015-09-30":292.05}],["Operating Profit",{"2016-06-30":988.06,"2016-12-31":1049.17,"2017-03-31":1145.04,"2017-06-30":1088.52,"2015-06-30":861.93,"2015-03-31":809.96,"2017-09-30":1247.12,"2015-12-31":863.08,"2016-03-31":1049.27,"2017-12-31":1187.57,"2016-09-30":1062.7,"2015-09-30":844.08}],["OPM",{"2016-06-30":76.22,"2016-12-31":78.25,"2017-03-31":66.98,"2017-06-30":78.18,"2015-06-30":75.6,"2015-03-31":73.61,"2017-09-30":74.91,"2015-12-31":75.82,"2016-03-31":72.52,"2017-12-31":76.43,"2016-09-30":76.91,"2015-09-30":74.29}],["Other Income",{"2016-06-30":4.42,"2016-12-31":5.57,"2017-03-31":3.59,"2017-06-30":6.32,"2015-06-30":2.56,"2015-03-31":1.5,"2017-09-30":5.04,"2015-12-31":2.89,"2016-03-31":4.34,"2017-12-31":12.96,"2016-09-30":4.49,"2015-09-30":3.82}],["Depreciation",{"2016-06-30":11.69,"2016-12-31":12.17,"2017-03-31":13.32,"2017-06-30":10.43,"2015-06-30":14.01,"2015-03-31":20.97,"2017-09-30":10.58,"2015-12-31":14.56,"2016-03-31":14.65,"2017-12-31":11.5,"2016-09-30":11.07,"2015-09-30":14.3}],["Interest",{"2016-06-30":557.08,"2016-12-31":596.98,"2017-03-31":546.02,"2017-06-30":532.6,"2015-06-30":567.0,"2015-03-31":533.24,"2017-09-30":488.94,"2015-12-31":561.58,"2016-03-31":563.9,"2017-12-31":468.85,"2016-09-30":593.74,"2015-09-30":565.22}],["Profit before tax",{"2016-06-30":423.71,"2016-12-31":445.6,"2017-03-31":589.29,"2017-06-30":551.81,"2015-06-30":283.48,"2015-03-31":257.25,"2017-09-30":752.64,"2015-12-31":289.83,"2016-03-31":475.05,"2017-12-31":720.17,"2016-09-30":462.38,"2015-09-30":268.39}],["Tax",{"2016-06-30":153.44,"2016-12-31":154.54,"2017-03-31":267.51,"2017-06-30":200.75,"2015-06-30":100.32,"2015-03-31":92.07,"2017-09-30":298.48,"2015-12-31":103.16,"2016-03-31":209.83,"2017-12-31":256.52,"2016-09-30":165.65,"2015-09-30":93.89}],["Net Profit",{"2016-06-30":270.27,"2016-12-31":291.06,"2017-03-31":321.78,"2017-06-30":351.07,"2015-06-30":183.16,"2015-03-31":165.19,"2017-09-30":454.16,"2015-12-31":186.67,"2016-03-31":265.22,"2017-12-31":463.65,"2016-09-30":296.72,"2015-09-30":174.5}]]},"bse_code":"533398","short_name":"Muthoot Finance","nse_code":"MUTHOOTFIN","companyrating_set":[{"rating__rating":"[ICRA]AA-(Stable)","instrument":"Financial Sector Rating-Long Term","rating__source":"icra","link":"http://icra.in/search.aspx?word=Muthoot Finance Ltd"},{"rating__rating":"[ICRA]A1+","instrument":"Financial Sector Rating-Short Term","rating__source":"icra","link":"http://icra.in/search.aspx?word=Muthoot Finance Ltd"},{"rating__rating":"CRISIL AA-(Stable)","instrument":"Non Convertible Debenture","rating__source":"crisil","link":"http://www.crisil.com/ratings/company-wise-ratings.jsp?txtSearch=Muthoot Finance Ltd"},{"rating__rating":"CRISIL A1+","instrument":"Short Term Debt","rating__source":"crisil","link":"http://www.crisil.com/ratings/company-wise-ratings.jsp?txtSearch=Muthoot Finance Ltd"},{"rating__rating":"CRISIL AA-(Stable)","instrument":"Subordinate Bond","rating__source":"crisil","link":"http://www.crisil.com/ratings/company-wise-ratings.jsp?txtSearch=Muthoot Finance Ltd"}],"annualreport_set":[{"source":"bse","report_date":2017,"link":"http://www.bseindia.com/bseplus/AnnualReport/533398/5333980317.pdf"},{"source":"bse","report_date":2016,"link":"http://www.bseindia.com/bseplus/AnnualReport/533398/5333980316.pdf"},{"source":"bse","report_date":2015,"link":"http://www.bseindia.com/bseplus/AnnualReport/533398/5333980315.pdf"},{"source":"bse","report_date":2014,"link":"http://www.bseindia.com/bseplus/AnnualReport/533398/5333980314.pdf"},{"source":"nse","report_date":2013,"link":"http://nseindia.com/annual_reports/AR_2227_MUTHOOTFIN_2012_2013_07102013144613.zip"},{"source":"bse","report_date":2011,"link":"http://www.bseindia.com/bseplus/annualreport/533398/5333980311.pdf"}],"announcement_set":[{"ann_date":"04 Apr 2018","announcement":"Record Date For Payment Of Interest And Redemption Due On May 29, 2018 & Suspension Of Trading","link":"https://www.bseindia.com/corporates/anndet_new.aspx?newsid=f0d89d4a-a0f5-467f-9c7e-d04f3b13b4d6"},{"ann_date":"04 Apr 2018","announcement":"Record Date For Payment Of Annual Interest Due On May 12, 2018","link":"https://www.bseindia.com/corporates/anndet_new.aspx?newsid=57eac12f-3e68-437d-9b3c-f117c37c9676"},{"ann_date":"04 Apr 2018","announcement":"Record Date For Payment Of Interest And Redemption Due On May 12, 2018 & Suspension Of Trading","link":"https://www.bseindia.com/corporates/anndet_new.aspx?newsid=8ac0fcad-1f06-4cb3-8720-4a01ea196d18"},{"ann_date":"04 Apr 2018","announcement":"Record Date For Payment Of Monthly Interest Due On May 01, 2018","link":"https://www.bseindia.com/corporates/anndet_new.aspx?newsid=00c44fbd-9883-483b-8c17-39f4c420c564"},{"ann_date":"29 Mar 2018","announcement":"Announcement under Regulation 30 (LODR)-Allotment of ESOP / ESPS","link":"https://www.bseindia.com/corporates/anndet_new.aspx?newsid=ff7e9639-9002-414b-93e8-97ed8c95f157"}],"warehouse_set":{"high_price":525.5,"low_price":357.45,"sales_growth":15.63,"current_price":427.2,"dividend_yield":1.4,"face_value":10.0,"id":1759,"sales_growth_3years":5.12,"profit_growth_5years":5.75,"average_return_on_equity_3years":16.53,"book_value":194.68,"status":"Active","pair_url":"/company/MUTHOOTFIN/consolidated","sales_growth_10years":35.76,"average_return_on_equity_10years":21.64,"profit_growth":41.61,"market_capitalization":17084.32,"profit_growth_10years":38.33,"price_to_earning":10.74,"industry":"Finance (including NBFCs)","analysis":{"remarks":[],"bad":["The company has delivered a poor growth of 4.78% over past five years."],"good":["Company has been maintaining a healthy dividend payout of 26.99%"]},"result_type":"sa","profit_growth_3years":14.79,"sales_growth_5years":4.78,"return_on_equity":19.44,"average_return_on_equity_5years":19.05},"id":2168,"name":"Muthoot Finance Ltd"}
