{"prime":"sa","number_set":{"balancesheet":[["Share Capital",{"2008-03-31":90.0,"2016-03-31":120.0,"2014-03-31":120.0,"2011-03-31":90.0,"2015-03-31":120.0,"2013-03-31":120.0,"2006-03-31":120.0,"2012-03-31":120.0,"2017-03-31":180.0,"2010-03-31":90.0,"2009-03-31":90.0,"2007-03-31":120.0}],["Reserves",{"2008-03-31":243.33,"2016-03-31":1404.61,"2014-03-31":1007.29,"2011-03-31":564.14,"2015-03-31":1204.13,"2013-03-31":830.69,"2006-03-31":-46.33,"2012-03-31":675.49,"2017-03-31":1493.6,"2010-03-31":458.79,"2009-03-31":370.33,"2007-03-31":27.96}],["Borrowings",{"2008-03-31":0.0,"2016-03-31":11.63,"2014-03-31":0.0,"2011-03-31":0.0,"2015-03-31":0.0,"2013-03-31":0.0,"2006-03-31":79.14,"2012-03-31":0.0,"2017-03-31":5.93,"2010-03-31":0.0,"2009-03-31":0.0,"2007-03-31":67.14}],["Other Liabilities",{"2008-03-31":1807.9,"2016-03-31":3900.77,"2014-03-31":3067.47,"2011-03-31":2619.13,"2015-03-31":3422.64,"2013-03-31":2779.47,"2006-03-31":1391.11,"2012-03-31":2842.78,"2017-03-31":4846.2,"2010-03-31":2485.04,"2009-03-31":2176.21,"2007-03-31":1520.76}],["Total Liabilities",{"2008-03-31":2141.23,"2016-03-31":5437.01,"2014-03-31":4194.76,"2011-03-31":3273.27,"2015-03-31":4746.77,"2013-03-31":3730.16,"2006-03-31":1513.92,"2012-03-31":3638.27,"2017-03-31":6525.73,"2010-03-31":3033.83,"2009-03-31":2636.54,"2007-03-31":1705.86}],["Fixed Assets",{"2008-03-31":12.83,"2016-03-31":61.78,"2014-03-31":22.54,"2011-03-31":23.56,"2015-03-31":26.22,"2013-03-31":24.33,"2006-03-31":13.08,"2012-03-31":23.31,"2017-03-31":63.29,"2010-03-31":25.14,"2009-03-31":13.32,"2007-03-31":12.41}],["CWIP",{"2008-03-31":0.0,"2016-03-31":0.0,"2014-03-31":0.0,"2011-03-31":0.0,"2015-03-31":0.0,"2013-03-31":0.0,"2006-03-31":0.0,"2012-03-31":0.0,"2017-03-31":0.0,"2010-03-31":0.0,"2009-03-31":0.0,"2007-03-31":0.0}],["Investments",{"2008-03-31":53.58,"2016-03-31":230.79,"2014-03-31":113.5,"2011-03-31":172.58,"2015-03-31":151.85,"2013-03-31":162.09,"2006-03-31":0.15,"2012-03-31":223.6,"2017-03-31":106.54,"2010-03-31":250.14,"2009-03-31":143.25,"2007-03-31":0.22}],["Other Assets",{"2008-03-31":2074.82,"2016-03-31":5144.44,"2014-03-31":4058.72,"2011-03-31":3077.13,"2015-03-31":4568.7,"2013-03-31":3543.74,"2006-03-31":1500.69,"2012-03-31":3391.36,"2017-03-31":6355.9,"2010-03-31":2758.55,"2009-03-31":2479.97,"2007-03-31":1693.23}],["Total Assets",{"2008-03-31":2141.23,"2016-03-31":5437.01,"2014-03-31":4194.76,"2011-03-31":3273.27,"2015-03-31":4746.77,"2013-03-31":3730.16,"2006-03-31":1513.92,"2012-03-31":3638.27,"2017-03-31":6525.73,"2010-03-31":3033.83,"2009-03-31":2636.54,"2007-03-31":1705.86}]],"annual":[["Sales",{"2008-03-31":1969.99,"2016-03-31":5812.43,"2014-03-31":4039.74,"2011-03-31":3126.77,"2015-03-31":4402.11,"2013-03-31":3232.29,"2006-03-31":1235.7,"2012-03-31":3447.69,"2017-03-31":6279.39,"2010-03-31":2981.98,"2009-03-31":2041.2,"2007-03-31":1459.95}],["Expenses",{"2008-03-31":1660.97,"2016-03-31":5503.73,"2014-03-31":3814.62,"2011-03-31":2998.39,"2015-03-31":4114.01,"2013-03-31":3043.17,"2006-03-31":1262.71,"2012-03-31":3308.35,"2017-03-31":5875.36,"2010-03-31":2886.14,"2009-03-31":1888.9,"2007-03-31":1397.52}],["Operating Profit",{"2008-03-31":309.02,"2016-03-31":308.7,"2014-03-31":225.12,"2011-03-31":128.38,"2015-03-31":288.1,"2013-03-31":189.12,"2006-03-31":-27.01,"2012-03-31":139.34,"2017-03-31":404.03,"2010-03-31":95.84,"2009-03-31":152.3,"2007-03-31":62.43}],["OPM",{"2008-03-31":15.69,"2016-03-31":5.31,"2014-03-31":5.57,"2011-03-31":4.11,"2015-03-31":6.54,"2013-03-31":5.85,"2006-03-31":-2.19,"2012-03-31":4.04,"2017-03-31":6.43,"2010-03-31":3.21,"2009-03-31":7.46,"2007-03-31":4.28}],["Other Income",{"2008-03-31":112.52,"2016-03-31":100.76,"2014-03-31":133.26,"2011-03-31":85.62,"2015-03-31":146.58,"2013-03-31":115.16,"2006-03-31":85.4,"2012-03-31":153.77,"2017-03-31":88.58,"2010-03-31":86.75,"2009-03-31":93.94,"2007-03-31":66.99}],["Interest",{"2008-03-31":3.56,"2016-03-31":3.04,"2014-03-31":23.52,"2011-03-31":1.16,"2015-03-31":41.35,"2013-03-31":1.28,"2006-03-31":17.13,"2012-03-31":1.92,"2017-03-31":2.34,"2010-03-31":4.87,"2009-03-31":3.22,"2007-03-31":2.13}],["Depreciation",{"2008-03-31":3.09,"2016-03-31":2.45,"2014-03-31":1.35,"2011-03-31":3.21,"2015-03-31":2.34,"2013-03-31":1.35,"2006-03-31":1.59,"2012-03-31":1.36,"2017-03-31":2.61,"2010-03-31":3.12,"2009-03-31":3.07,"2007-03-31":2.94}],["Profit before tax",{"2008-03-31":414.89,"2016-03-31":403.97,"2014-03-31":333.51,"2011-03-31":209.63,"2015-03-31":391.01,"2013-03-31":301.64,"2006-03-31":39.67,"2012-03-31":289.83,"2017-03-31":487.65,"2010-03-31":174.6,"2009-03-31":239.95,"2007-03-31":124.35}],["Tax",{"2008-03-31":135.06,"2016-03-31":117.0,"2014-03-31":86.38,"2011-03-31":69.29,"2015-03-31":113.7,"2013-03-31":94.14,"2006-03-31":11.63,"2012-03-31":99.66,"2017-03-31":136.56,"2010-03-31":58.1,"2009-03-31":80.79,"2007-03-31":43.47}],["Net Profit",{"2008-03-31":279.83,"2016-03-31":286.96,"2014-03-31":247.14,"2011-03-31":140.34,"2015-03-31":277.3,"2013-03-31":207.5,"2006-03-31":28.04,"2012-03-31":190.17,"2017-03-31":351.1,"2010-03-31":116.5,"2009-03-31":159.16,"2007-03-31":80.88}],["EPS (unadj)",{"2008-03-31":3003.56,"2016-03-31":23.91,"2014-03-31":19.72,"2011-03-31":1507.56,"2015-03-31":21.99,"2013-03-31":16.68,"2006-03-31":311.56,"2012-03-31":15.28,"2017-03-31":3.79,"2010-03-31":1250.44,"2009-03-31":1708.33,"2007-03-31":898.67}],["Dividend Payout",{"2008-03-31":19.94,"2016-03-31":41.82,"2014-03-31":24.28,"2011-03-31":19.88,"2015-03-31":23.8,"2013-03-31":21.69,"2006-03-31":0.0,"2012-03-31":22.09,"2017-03-31":41.78,"2010-03-31":20.09,"2009-03-31":19.79,"2007-03-31":1.11}]],"cashflow":[["Cash from Operating Activity",{"2008-03-31":196.43,"2016-03-31":168.39,"2014-03-31":-438.69,"2011-03-31":91.45,"2015-03-31":-153.92,"2013-03-31":90.15,"2006-03-31":126.58,"2012-03-31":118.81,"2017-03-31":439.05,"2010-03-31":118.88,"2009-03-31":110.78,"2007-03-31":88.08}],["Cash from Investing Activity",{"2008-03-31":18.96,"2016-03-31":-30.25,"2014-03-31":818.47,"2011-03-31":157.73,"2015-03-31":-5.0,"2013-03-31":99.47,"2006-03-31":58.3,"2012-03-31":57.02,"2017-03-31":145.15,"2010-03-31":-52.78,"2009-03-31":-15.05,"2007-03-31":48.51}],["Cash from Financing Activity",{"2008-03-31":-93.7,"2016-03-31":-85.05,"2014-03-31":-52.65,"2011-03-31":-23.3,"2015-03-31":-70.2,"2013-03-31":-48.81,"2006-03-31":-53.92,"2012-03-31":-32.73,"2017-03-31":-207.99,"2010-03-31":-31.83,"2009-03-31":-59.18,"2007-03-31":-14.13}],["Net Cash Flow",{"2008-03-31":121.69,"2016-03-31":53.1,"2014-03-31":327.13,"2011-03-31":225.88,"2015-03-31":-229.12,"2013-03-31":140.81,"2006-03-31":130.96,"2012-03-31":143.1,"2017-03-31":376.21,"2010-03-31":34.27,"2009-03-31":36.55,"2007-03-31":122.46}]],"quarters":[["Sales",{"2016-06-30":1264.11,"2016-12-31":1420.51,"2017-03-31":2345.95,"2017-06-30":1266.56,"2015-06-30":1091.19,"2015-03-31":1654.41,"2017-09-30":1132.73,"2015-12-31":1362.59,"2016-03-31":2292.9,"2017-12-31":1321.5,"2016-09-30":1248.82,"2015-09-30":1065.75}],["Expenses",{"2016-06-30":1219.24,"2016-12-31":1344.89,"2017-03-31":2136.14,"2017-06-30":1201.67,"2015-06-30":1057.91,"2015-03-31":1488.94,"2017-09-30":1048.4,"2015-12-31":1303.84,"2016-03-31":2142.47,"2017-12-31":1252.78,"2016-09-30":1176.24,"2015-09-30":1000.83}],["Operating Profit",{"2016-06-30":44.87,"2016-12-31":75.62,"2017-03-31":209.81,"2017-06-30":64.89,"2015-06-30":33.28,"2015-03-31":165.47,"2017-09-30":84.33,"2015-12-31":58.75,"2016-03-31":150.43,"2017-12-31":68.72,"2016-09-30":72.58,"2015-09-30":64.92}],["OPM",{"2016-06-30":3.55,"2016-12-31":5.32,"2017-03-31":8.94,"2017-06-30":5.12,"2015-06-30":3.05,"2015-03-31":10.0,"2017-09-30":7.44,"2015-12-31":4.31,"2016-03-31":6.56,"2017-12-31":5.2,"2016-09-30":5.81,"2015-09-30":6.09}],["Other Income",{"2016-06-30":34.71,"2016-12-31":18.93,"2017-03-31":22.67,"2017-06-30":19.75,"2015-06-30":32.28,"2015-03-31":35.32,"2017-09-30":20.99,"2015-12-31":35.58,"2016-03-31":22.19,"2017-12-31":26.3,"2016-09-30":21.2,"2015-09-30":33.11}],["Depreciation",{"2016-06-30":0.61,"2016-12-31":0.66,"2017-03-31":0.72,"2017-06-30":0.69,"2015-06-30":0.67,"2015-03-31":0.46,"2017-09-30":0.69,"2015-12-31":0.59,"2016-03-31":0.67,"2017-12-31":0.69,"2016-09-30":0.61,"2015-09-30":0.51}],["Interest",{"2016-06-30":9.65,"2016-12-31":0.16,"2017-03-31":0.16,"2017-06-30":0.02,"2015-06-30":8.01,"2015-03-31":8.69,"2017-09-30":0.16,"2015-12-31":10.29,"2016-03-31":0.31,"2017-12-31":0.17,"2016-09-30":0.15,"2015-09-30":5.51}],["Profit before tax",{"2016-06-30":69.32,"2016-12-31":93.74,"2017-03-31":231.6,"2017-06-30":83.92,"2015-06-30":56.87,"2015-03-31":191.64,"2017-09-30":104.47,"2015-12-31":83.45,"2016-03-31":171.64,"2017-12-31":94.16,"2016-09-30":93.0,"2015-09-30":92.02}],["Tax",{"2016-06-30":23.9,"2016-12-31":30.02,"2017-03-31":56.83,"2017-06-30":27.98,"2015-06-30":17.23,"2015-03-31":57.68,"2017-09-30":30.35,"2015-12-31":25.55,"2016-03-31":49.31,"2017-12-31":32.26,"2016-09-30":25.8,"2015-09-30":24.91}],["Net Profit",{"2016-06-30":45.41,"2016-12-31":63.71,"2017-03-31":174.77,"2017-06-30":55.94,"2015-06-30":39.65,"2015-03-31":133.96,"2017-09-30":74.12,"2015-12-31":57.9,"2016-03-31":122.32,"2017-12-31":61.89,"2016-09-30":67.2,"2015-09-30":67.1}]]},"bse_code":"534309","short_name":"NBCC","nse_code":"NBCC","companyrating_set":[{"rating__rating":"CRISIL AA-(Stable)","instrument":"Bank Guarantee","rating__source":"crisil","link":"http://www.crisil.com/ratings/company-wise-ratings.jsp?txtSearch=NBCC (India) Ltd"}],"annualreport_set":[{"source":"bse","report_date":2017,"link":"http://www.bseindia.com/bseplus/AnnualReport/534309/5343090317.pdf"},{"source":"bse","report_date":2016,"link":"http://www.bseindia.com/bseplus/AnnualReport/534309/5343090316.pdf"},{"source":"bse","report_date":2015,"link":"http://www.bseindia.com/bseplus/AnnualReport/534309/5343090315.pdf"},{"source":"bse","report_date":2014,"link":"http://www.bseindia.com/bseplus/AnnualReport/534309/5343090314.pdf"},{"source":"bse","report_date":2013,"link":"http://www.bseindia.com/bseplus/annualreport/534309/5343090313.pdf"},{"source":"bse","report_date":2012,"link":"http://www.bseindia.com/bseplus/annualreport/534309/5343090312.PDF"}],"announcement_set":[{"ann_date":"06 Apr 2018","announcement":"Record Date For Sub-Division Of Equity Shares Of NBCC (India) Limited","link":"https://www.bseindia.com/corporates/anndet_new.aspx?newsid=43821658-272a-4c35-9807-ebef616e78e7"},{"ann_date":"05 Apr 2018","announcement":"Disclosure of Voting results of Postal Ballot (Regulation 44(3) of SEBI (LODR) Regulations, 2015)","link":"https://www.bseindia.com/corporates/anndet_new.aspx?newsid=a7c53199-24e9-4a89-8181-903b16ff4c37"},{"ann_date":"05 Apr 2018","announcement":"Result Of Postal Ballot- Compliance Of Regulation 44 Of The SEBI (Listing Obligations And Disclosures Requirements) Regulations, 2015.","link":"https://www.bseindia.com/corporates/anndet_new.aspx?newsid=468bf1c1-09b8-4530-9791-b2d8cd1acef8"},{"ann_date":"04 Apr 2018","announcement":"Announcement under Regulation 30 (LODR)-Award_of_Order_Receipt_of_Order","link":"https://www.bseindia.com/corporates/anndet_new.aspx?newsid=c4d5f33b-d2fe-491a-925a-adb68d1d0cfd"},{"ann_date":"02 Apr 2018","announcement":"Extension Of Tenure Of Chairman-Cum-Managing Director Of NBCC (India) Limited.","link":"https://www.bseindia.com/corporates/anndet_new.aspx?newsid=2d0e5791-b026-4607-844f-93305796fcce"}],"warehouse_set":{"high_price":291.3,"low_price":171.0,"sales_growth":-2.56,"current_price":207.5,"dividend_yield":0.79,"face_value":2.0,"id":520,"sales_growth_3years":15.84,"profit_growth_5years":13.77,"average_return_on_equity_3years":21.54,"book_value":20.73,"status":"Active","pair_url":"/company/NBCC/consolidated","sales_growth_10years":13.75,"average_return_on_equity_10years":25.21,"profit_growth":22.8,"market_capitalization":18675.0,"profit_growth_10years":2.57,"price_to_earning":50.92,"industry":"Construction & Engineering","analysis":{"remarks":[],"bad":["Stock is trading at 10.01 times its book value"],"good":["Company has reduced debt.","Company is virtually debt free.","Company has been maintaining a healthy dividend payout of 36.35%"]},"result_type":"sa","profit_growth_3years":12.38,"sales_growth_5years":12.74,"return_on_equity":21.96,"average_return_on_equity_5years":22.31},"id":2204,"name":"NBCC (India) Ltd"}
