{"prime":"sa","number_set":{"balancesheet":[["Share Capital",{"2008-03-31":11182.49,"2016-03-31":11070.67,"2014-03-31":11070.67,"2011-03-31":12300.74,"2015-03-31":11070.67,"2013-03-31":12300.74,"2006-03-31":10576.09,"2012-03-31":12300.74,"2017-03-31":10259.32,"2010-03-31":12300.74,"2009-03-31":11182.49,"2007-03-31":11207.04}],["Reserves",{"2008-03-31":6094.57,"2016-03-31":18690.48,"2014-03-31":14996.98,"2011-03-31":12279.94,"2015-03-31":17215.72,"2013-03-31":15539.76,"2006-03-31":4709.89,"2012-03-31":14052.79,"2017-03-31":16682.81,"2010-03-31":10972.45,"2009-03-31":6798.13,"2007-03-31":5367.05}],["Borrowings",{"2008-03-31":11259.59,"2016-03-31":19938.22,"2014-03-31":19866.49,"2011-03-31":14569.26,"2015-03-31":19836.34,"2013-03-31":18627.3,"2006-03-31":8196.87,"2012-03-31":17641.14,"2017-03-31":19226.73,"2010-03-31":13868.22,"2009-03-31":12234.03,"2007-03-31":8777.93}],["Other Liabilities",{"2008-03-31":3334.4,"2016-03-31":6035.68,"2014-03-31":10557.99,"2011-03-31":11038.33,"2015-03-31":8737.77,"2013-03-31":10593.79,"2006-03-31":2050.33,"2012-03-31":11341.24,"2017-03-31":6567.36,"2010-03-31":6014.83,"2009-03-31":5194.92,"2007-03-31":2484.5}],["Total Liabilities",{"2008-03-31":31871.05,"2016-03-31":55735.05,"2014-03-31":56492.13,"2011-03-31":50188.27,"2015-03-31":56860.5,"2013-03-31":57061.59,"2006-03-31":25172.37,"2012-03-31":55335.91,"2017-03-31":52736.22,"2010-03-31":43156.24,"2009-03-31":35409.57,"2007-03-31":27827.69}],["Fixed Assets",{"2008-03-31":17376.85,"2016-03-31":21299.41,"2014-03-31":24077.14,"2011-03-31":17100.89,"2015-03-31":22695.16,"2013-03-31":18039.96,"2006-03-31":10227.69,"2012-03-31":16368.32,"2017-03-31":20972.72,"2010-03-31":16394.93,"2009-03-31":17643.81,"2007-03-31":10092.72}],["CWIP",{"2008-03-31":7390.16,"2016-03-31":16578.71,"2014-03-31":14657.13,"2011-03-31":15962.77,"2015-03-31":16054.72,"2013-03-31":19709.04,"2006-03-31":9623.14,"2012-03-31":19349.74,"2017-03-31":17350.13,"2010-03-31":14025.02,"2009-03-31":10498.62,"2007-03-31":12256.35}],["Investments",{"2008-03-31":3049.22,"2016-03-31":1688.63,"2014-03-31":2478.89,"2011-03-31":2913.55,"2015-03-31":2235.32,"2013-03-31":2651.35,"2006-03-31":3579.19,"2012-03-31":2749.88,"2017-03-31":2104.81,"2010-03-31":4394.05,"2009-03-31":2793.6,"2007-03-31":3322.75}],["Other Assets",{"2008-03-31":4054.82,"2016-03-31":16168.3,"2014-03-31":15278.97,"2011-03-31":14211.06,"2015-03-31":15875.3,"2013-03-31":16661.24,"2006-03-31":1742.35,"2012-03-31":16867.97,"2017-03-31":12308.56,"2010-03-31":8342.24,"2009-03-31":4473.54,"2007-03-31":2155.87}],["Total Assets",{"2008-03-31":31871.05,"2016-03-31":55735.05,"2014-03-31":56492.13,"2011-03-31":50188.27,"2015-03-31":56860.5,"2013-03-31":57061.59,"2006-03-31":25172.37,"2012-03-31":55335.91,"2017-03-31":52736.22,"2010-03-31":43156.24,"2009-03-31":35409.57,"2007-03-31":27827.69}]],"annual":[["Sales",{"2008-03-31":2282.92,"2016-03-31":7353.0,"2014-03-31":5537.04,"2011-03-31":4225.25,"2015-03-31":6802.25,"2013-03-31":5310.73,"2006-03-31":1662.92,"2012-03-31":5919.48,"2017-03-31":7271.17,"2010-03-31":4266.29,"2009-03-31":2720.82,"2007-03-31":1882.93}],["Expenses",{"2008-03-31":1338.88,"2016-03-31":3601.33,"2014-03-31":3701.45,"2011-03-31":1426.35,"2015-03-31":3268.65,"2013-03-31":2841.76,"2006-03-31":null,"2012-03-31":2041.74,"2017-03-31":3674.78,"2010-03-31":1734.26,"2009-03-31":1854.55,"2007-03-31":1357.85}],["Operating Profit",{"2008-03-31":944.04,"2016-03-31":3751.67,"2014-03-31":1835.59,"2011-03-31":2798.9,"2015-03-31":3533.6,"2013-03-31":2468.97,"2006-03-31":null,"2012-03-31":3877.74,"2017-03-31":3596.39,"2010-03-31":2532.03,"2009-03-31":866.27,"2007-03-31":525.08}],["OPM",{"2008-03-31":41.35,"2016-03-31":51.02,"2014-03-31":33.15,"2011-03-31":66.24,"2015-03-31":51.95,"2013-03-31":46.49,"2006-03-31":null,"2012-03-31":65.51,"2017-03-31":49.46,"2010-03-31":59.35,"2009-03-31":31.84,"2007-03-31":27.89}],["Other Income",{"2008-03-31":483.06,"2016-03-31":1073.95,"2014-03-31":1513.18,"2011-03-31":1363.24,"2015-03-31":1537.99,"2013-03-31":1384.61,"2006-03-31":490.2,"2012-03-31":871.26,"2017-03-31":1479.28,"2010-03-31":880.44,"2009-03-31":678.75,"2007-03-31":439.76}],["Interest",{"2008-03-31":455.62,"2016-03-31":1113.62,"2014-03-31":1044.85,"2011-03-31":367.03,"2015-03-31":1179.77,"2013-03-31":400.37,"2006-03-31":294.33,"2012-03-31":338.1,"2017-03-31":1155.63,"2010-03-31":464.79,"2009-03-31":508.41,"2007-03-31":236.4}],["Depreciation",{"2008-03-31":482.78,"2016-03-31":1359.07,"2014-03-31":1210.76,"2011-03-31":917.7,"2015-03-31":1425.87,"2013-03-31":969.29,"2006-03-31":305.58,"2012-03-31":893.86,"2017-03-31":1388.4,"2010-03-31":1034.23,"2009-03-31":518.74,"2007-03-31":328.78}],["Profit before tax",{"2008-03-31":1146.65,"2016-03-31":2629.6,"2014-03-31":1583.06,"2011-03-31":2877.41,"2015-03-31":2826.17,"2013-03-31":3202.13,"2006-03-31":812.16,"2012-03-31":3517.04,"2017-03-31":2760.61,"2010-03-31":2402.08,"2009-03-31":1178.34,"2007-03-31":1087.74}],["Tax",{"2008-03-31":142.56,"2016-03-31":750.61,"2014-03-31":604.27,"2011-03-31":710.74,"2015-03-31":701.7,"2013-03-31":853.91,"2006-03-31":69.41,"2012-03-31":745.27,"2017-03-31":679.01,"2010-03-31":311.58,"2009-03-31":103.12,"2007-03-31":162.94}],["Net Profit",{"2008-03-31":1004.09,"2016-03-31":1878.99,"2014-03-31":978.79,"2011-03-31":2166.67,"2015-03-31":2124.47,"2013-03-31":2348.22,"2006-03-31":742.75,"2012-03-31":2771.77,"2017-03-31":2081.6,"2010-03-31":2090.5,"2009-03-31":1075.22,"2007-03-31":924.8}],["EPS (unadj)",{"2008-03-31":0.85,"2016-03-31":0.13,"2014-03-31":0.83,"2011-03-31":1.66,"2015-03-31":1.8,"2013-03-31":1.81,"2006-03-31":69.65,"2012-03-31":2.14,"2017-03-31":0.0,"2010-03-31":1.61,"2009-03-31":0.91,"2007-03-31":0.79}],["Dividend Payout",{"2008-03-31":29.85,"2016-03-31":88.38,"2014-03-31":33.93,"2011-03-31":34.06,"2015-03-31":31.27,"2013-03-31":31.43,"2006-03-31":29.98,"2012-03-31":31.07,"2017-03-31":88.71,"2010-03-31":32.36,"2009-03-31":30.26,"2007-03-31":30.03}]],"cashflow":[["Cash from Operating Activity",{"2008-03-31":2325.85,"2016-03-31":4900.02,"2014-03-31":3646.03,"2011-03-31":3012.26,"2015-03-31":3055.36,"2013-03-31":1897.59,"2006-03-31":1899.24,"2012-03-31":2080.34,"2017-03-31":8145.34,"2010-03-31":2791.69,"2009-03-31":2510.1,"2007-03-31":1874.68}],["Cash from Investing Activity",{"2008-03-31":-2270.8,"2016-03-31":-799.35,"2014-03-31":-479.8,"2011-03-31":-1342.21,"2015-03-31":-789.46,"2013-03-31":-1294.53,"2006-03-31":-1925.17,"2012-03-31":-1975.69,"2017-03-31":-1430.1,"2010-03-31":-4225.88,"2009-03-31":-2862.49,"2007-03-31":-2276.11}],["Cash from Financing Activity",{"2008-03-31":1319.32,"2016-03-31":-3091.97,"2014-03-31":-3478.41,"2011-03-31":-1417.35,"2015-03-31":-2147.62,"2013-03-31":-991.02,"2006-03-31":256.45,"2012-03-31":549.24,"2017-03-31":-7849.74,"2010-03-31":4631.62,"2009-03-31":411.07,"2007-03-31":326.13}],["Net Cash Flow",{"2008-03-31":1374.37,"2016-03-31":1008.7,"2014-03-31":-312.18,"2011-03-31":252.7,"2015-03-31":118.28,"2013-03-31":-387.96,"2006-03-31":230.52,"2012-03-31":653.89,"2017-03-31":-1134.5,"2010-03-31":3197.43,"2009-03-31":58.68,"2007-03-31":-75.3}]],"quarters":[["Sales",{"2016-06-30":2196.79,"2016-12-31":1308.58,"2017-03-31":1362.44,"2017-06-30":2327.51,"2015-06-30":2001.67,"2015-03-31":1471.57,"2017-09-30":1971.69,"2015-12-31":1367.56,"2016-03-31":1638.87,"2017-12-31":1497.93,"2016-09-30":2403.36,"2015-09-30":2344.9}],["Expenses",{"2016-06-30":840.27,"2016-12-31":684.14,"2017-03-31":1139.38,"2017-06-30":941.19,"2015-06-30":743.69,"2015-03-31":599.49,"2017-09-30":856.74,"2015-12-31":667.63,"2016-03-31":1080.38,"2017-12-31":713.65,"2016-09-30":843.82,"2015-09-30":792.6}],["Operating Profit",{"2016-06-30":1356.52,"2016-12-31":624.44,"2017-03-31":223.06,"2017-06-30":1386.32,"2015-06-30":1257.98,"2015-03-31":872.08,"2017-09-30":1114.95,"2015-12-31":699.93,"2016-03-31":558.49,"2017-12-31":784.28,"2016-09-30":1559.54,"2015-09-30":1552.3}],["OPM",{"2016-06-30":61.75,"2016-12-31":47.72,"2017-03-31":16.37,"2017-06-30":59.56,"2015-06-30":62.85,"2015-03-31":59.26,"2017-09-30":56.55,"2015-12-31":51.18,"2016-03-31":34.08,"2017-12-31":52.36,"2016-09-30":64.89,"2015-09-30":66.2}],["Other Income",{"2016-06-30":301.21,"2016-12-31":309.01,"2017-03-31":576.13,"2017-06-30":306.22,"2015-06-30":351.05,"2015-03-31":703.77,"2017-09-30":661.97,"2015-12-31":318.12,"2016-03-31":380.73,"2017-12-31":739.79,"2016-09-30":986.31,"2015-09-30":493.07}],["Depreciation",{"2016-06-30":338.4,"2016-12-31":355.13,"2017-03-31":352.71,"2017-06-30":353.59,"2015-06-30":334.79,"2015-03-31":359.46,"2017-09-30":350.48,"2015-12-31":345.36,"2016-03-31":343.2,"2017-12-31":346.92,"2016-09-30":342.16,"2015-09-30":335.72}],["Interest",{"2016-06-30":275.07,"2016-12-31":268.83,"2017-03-31":249.91,"2017-06-30":240.94,"2015-06-30":273.79,"2015-03-31":278.29,"2017-09-30":235.62,"2015-12-31":265.26,"2016-03-31":260.77,"2017-12-31":227.91,"2016-09-30":279.41,"2015-09-30":272.28}],["Profit before tax",{"2016-06-30":1044.26,"2016-12-31":309.49,"2017-03-31":196.57,"2017-06-30":1098.01,"2015-06-30":1000.45,"2015-03-31":938.1,"2017-09-30":1190.82,"2015-12-31":407.43,"2016-03-31":335.25,"2017-12-31":949.24,"2016-09-30":1924.28,"2015-09-30":1437.37}],["Tax",{"2016-06-30":186.44,"2016-12-31":94.8,"2017-03-31":28.15,"2017-06-30":235.35,"2015-06-30":202.28,"2015-03-31":293.59,"2017-09-30":172.18,"2015-12-31":236.86,"2016-03-31":89.77,"2017-12-31":261.31,"2016-09-30":369.62,"2015-09-30":221.7}],["Net Profit",{"2016-06-30":857.82,"2016-12-31":214.69,"2017-03-31":168.42,"2017-06-30":862.66,"2015-06-30":798.17,"2015-03-31":644.51,"2017-09-30":1018.64,"2015-12-31":170.57,"2016-03-31":245.48,"2017-12-31":687.93,"2016-09-30":1554.66,"2015-09-30":1215.67}]]},"bse_code":"533098","short_name":"NHPC Ltd","nse_code":"NHPC","companyrating_set":[{"rating__rating":"CRISIL AA+(Positive)","instrument":"Bond","rating__source":"crisil","link":"http://www.crisil.com/ratings/company-wise-ratings.jsp?txtSearch=NHPC Ltd"},{"rating__rating":"[ICRA] AAA (Stable)","instrument":"Infrastructure Sector Rating-Long Term","rating__source":"icra","link":"http://icra.in/search.aspx?word=NHPC Ltd"},{"rating__rating":"IND AAA","instrument":"Long Term","rating__source":"fitch","link":"http://www.indiaratings.co.in/search/search.jsp?q=NHPC Ltd"},{"rating__rating":"IND AAA(Stable)","instrument":"Long Term Rating","rating__source":"fitch","link":"http://www.indiaratings.co.in/search/search.jsp?q=NHPC Ltd"},{"rating__rating":"CARE AAA","instrument":"LT InstrumentsBonds","rating__source":"care","link":"http://google.com/search?btnI=1&q=NHPC Ltd+site:careratings.com"},{"rating__rating":"IND A1+(Stable)","instrument":"Short Term","rating__source":"fitch","link":"http://www.indiaratings.co.in/search/search.jsp?q=NHPC Ltd"}],"annualreport_set":[{"source":"bse","report_date":2017,"link":"http://www.bseindia.com/bseplus/AnnualReport/533098/5330980317.pdf"},{"source":"bse","report_date":2016,"link":"http://www.bseindia.com/bseplus/AnnualReport/533098/5330980316.pdf"},{"source":"bse","report_date":2015,"link":"http://www.bseindia.com/bseplus/AnnualReport/533098/5330980315.pdf"},{"source":"bse","report_date":2014,"link":"http://www.bseindia.com/bseplus/AnnualReport/533098/5330980314.pdf"},{"source":"bse","report_date":2013,"link":"http://www.bseindia.com/bseplus/annualreport/533098/5330980313.pdf"},{"source":"bse","report_date":2012,"link":"http://www.bseindia.com/bseplus/annualreport/533098/5330980312.pdf"},{"source":"nse","report_date":2012,"link":"http://nseindia.com/annual_reports/AR_NHPC_2011_2012_17092012081545.zip"},{"source":"bse","report_date":2011,"link":"http://www.bseindia.com/bseplus/annualreport/533098/5330980311.pdf"},{"source":"nse","report_date":2011,"link":"http://nseindia.com/annual_reports/AR_NHPC_2010_2011_23092011044445.zip"},{"source":"bse","report_date":2010,"link":"http://www.bseindia.com/bseplus/annualreport/533098/5330980310.pdf"},{"source":"nse","report_date":2010,"link":"http://nseindia.com/annual_reports/AR_NHPC_2009_2010_14092010120000.zip"}],"announcement_set":[{"ann_date":"06 Apr 2018","announcement":"Compliances- Compliance Certificate For The Half Year Ended 31St March, 2018 (Certificate Under Regulation 7(3) Of SEBI(LODR) Regulations,2015)","link":"https://www.bseindia.com/corporates/anndet_new.aspx?newsid=07614732-4e72-4c01-a964-780211f64c61"},{"ann_date":"05 Apr 2018","announcement":"Statement Of Investor Complaints For The Quarter Ended March 2018","link":"https://www.bseindia.com/corporates/anndet_new.aspx?newsid=1d008ff6-4ddb-430c-8764-b18a0e28638c"},{"ann_date":"31 Mar 2018","announcement":"Announcement Under Regulation 30 (LODR)- Update (Synchronized & Successful Completion Of Full Load Testing Of Unit# III Of Kishanganga HE Project 3X100MW).","link":"https://www.bseindia.com/corporates/anndet_new.aspx?newsid=afed98f4-7e0f-4ab2-b289-0c01fd90eaf7"},{"ann_date":"28 Mar 2018","announcement":"Announcement Under Regulation 30 (LODR) -Updates (Appointment Of Cost Auditors For The FY 2017-18 For 50MW Solar Power Project, Tamilnadu)","link":"https://www.bseindia.com/corporates/anndet_new.aspx?newsid=e10c6af1-01db-4e75-9958-50c9006250db"},{"ann_date":"23 Mar 2018","announcement":"Announcement Under Regulation 30 (LODR)- Update (Commisioning Of Solar Power Project (50MW) At Tamil Nadu)","link":"https://www.bseindia.com/corporates/anndet_new.aspx?newsid=02e9a173-e38c-4710-a23a-8fd9b9b7bb16"}],"warehouse_set":{"high_price":34.5,"low_price":25.5,"sales_growth":-5.14,"current_price":28.55,"dividend_yield":6.3,"face_value":10.0,"id":2611,"sales_growth_3years":9.51,"profit_growth_5years":-5.61,"average_return_on_equity_3years":7.13,"book_value":28.77,"status":"Active","pair_url":"/company/NHPC/consolidated","sales_growth_10years":13.74,"average_return_on_equity_10years":7.42,"profit_growth":-4.7,"market_capitalization":29290.36,"profit_growth_10years":9.0,"price_to_earning":10.7,"industry":"Electric Utilities","analysis":{"remarks":[],"bad":["The company has delivered a poor growth of 4.20% over past five years.","Company has a low return on equity of 7.13% for last 3 years.","Company might be capitalizing the interest cost","Earnings include an other income of Rs.2284.11 Cr."],"good":["Stock is trading at 0.99 times its book value","Stock is providing a good dividend yield of 6.30%.","Company has been maintaining a healthy dividend payout of 68.55%"]},"result_type":"sa","profit_growth_3years":16.79,"sales_growth_5years":4.2,"return_on_equity":7.33,"average_return_on_equity_5years":6.88},"id":2254,"name":"NHPC Ltd"}
