{"prime":"sa","number_set":{"balancesheet":[["Share Capital",{"2008-03-31":8245.5,"2016-03-31":8245.46,"2014-03-31":8245.46,"2011-03-31":8245.46,"2015-03-31":8245.46,"2013-03-31":8245.46,"2006-03-31":8245.5,"2012-03-31":8245.46,"2017-03-31":8245.46,"2010-03-31":8245.46,"2009-03-31":8245.5,"2007-03-31":8245.5}],["Reserves",{"2008-03-31":44393.1,"2016-03-31":83048.24,"2014-03-31":77569.86,"2011-03-31":59646.79,"2015-03-31":73411.89,"2013-03-31":72142.05,"2006-03-31":36713.2,"2012-03-31":65045.71,"2017-03-31":87985.77,"2010-03-31":54191.96,"2009-03-31":49124.6,"2007-03-31":40351.3}],["Borrowings",{"2008-03-31":27190.6,"2016-03-31":93127.24,"2014-03-31":67170.22,"2011-03-31":43187.68,"2015-03-31":85995.34,"2013-03-31":58146.3,"2006-03-31":20197.3,"2012-03-31":50278.94,"2017-03-31":106840.21,"2010-03-31":37797.02,"2009-03-31":34567.8,"2007-03-31":24484.4}],["Other Liabilities",{"2008-03-31":11090.8,"2016-03-31":37811.44,"2014-03-31":32305.36,"2011-03-31":16187.47,"2015-03-31":36350.25,"2013-03-31":28054.36,"2006-03-31":10077.9,"2012-03-31":22625.75,"2017-03-31":42189.81,"2010-03-31":13744.96,"2009-03-31":15205.4,"2007-03-31":12485.0}],["Total Liabilities",{"2008-03-31":90920.0,"2016-03-31":222232.38,"2014-03-31":185290.9,"2011-03-31":127267.4,"2015-03-31":204002.94,"2013-03-31":166588.17,"2006-03-31":75233.9,"2012-03-31":146195.86,"2017-03-31":245261.25,"2010-03-31":113979.4,"2009-03-31":107143.3,"2007-03-31":85566.2}],["Fixed Assets",{"2008-03-31":26093.7,"2016-03-31":91773.25,"2014-03-31":72110.83,"2011-03-31":39235.96,"2015-03-31":78849.07,"2013-03-31":62936.1,"2006-03-31":23089.5,"2012-03-31":45256.36,"2017-03-31":99355.72,"2010-03-31":34761.29,"2009-03-31":32937.7,"2007-03-31":25648.1}],["CWIP",{"2008-03-31":22478.3,"2016-03-31":66423.2,"2014-03-31":44888.67,"2011-03-31":35495.33,"2015-03-31":56493.49,"2013-03-31":37109.42,"2006-03-31":13634.0,"2012-03-31":41827.86,"2017-03-31":80737.09,"2010-03-31":32104.31,"2009-03-31":26404.9,"2007-03-31":16839.2}],["Investments",{"2008-03-31":15267.2,"2016-03-31":8393.04,"2014-03-31":9757.86,"2011-03-31":12344.84,"2015-03-31":9032.13,"2013-03-31":10760.1,"2006-03-31":19289.1,"2012-03-31":11206.38,"2017-03-31":8952.36,"2010-03-31":14807.09,"2009-03-31":13983.5,"2007-03-31":16094.3}],["Other Assets",{"2008-03-31":27080.8,"2016-03-31":55642.89,"2014-03-31":58533.54,"2011-03-31":40191.27,"2015-03-31":59628.25,"2013-03-31":55782.55,"2006-03-31":19221.3,"2012-03-31":47905.26,"2017-03-31":56216.08,"2010-03-31":32306.71,"2009-03-31":33817.2,"2007-03-31":26984.6}],["Total Assets",{"2008-03-31":90920.0,"2016-03-31":222232.38,"2014-03-31":185290.9,"2011-03-31":127267.4,"2015-03-31":204002.94,"2013-03-31":166588.17,"2006-03-31":75233.9,"2012-03-31":146195.86,"2017-03-31":245261.25,"2010-03-31":113979.4,"2009-03-31":107143.3,"2007-03-31":85566.2}]],"annual":[["Sales",{"2008-03-31":37050.1,"2016-03-31":70843.81,"2014-03-31":72018.93,"2011-03-31":55062.65,"2015-03-31":73236.94,"2013-03-31":65737.04,"2006-03-31":26701.6,"2012-03-31":62052.23,"2017-03-31":78273.44,"2010-03-31":46322.59,"2009-03-31":41923.8,"2007-03-31":32595.2}],["Expenses",{"2008-03-31":26371.6,"2016-03-31":54822.55,"2014-03-31":55927.23,"2011-03-31":42558.95,"2015-03-31":59022.3,"2013-03-31":50022.38,"2006-03-31":19240.2,"2012-03-31":49389.71,"2017-03-31":59884.31,"2010-03-31":34836.43,"2009-03-31":32181.5,"2007-03-31":22948.3}],["Operating Profit",{"2008-03-31":10678.5,"2016-03-31":16021.26,"2014-03-31":16091.7,"2011-03-31":12503.7,"2015-03-31":14214.64,"2013-03-31":15714.66,"2006-03-31":7461.4,"2012-03-31":12662.52,"2017-03-31":18389.13,"2010-03-31":11486.16,"2009-03-31":9742.3,"2007-03-31":9646.9}],["OPM",{"2008-03-31":28.82,"2016-03-31":22.61,"2014-03-31":22.34,"2011-03-31":22.71,"2015-03-31":19.41,"2013-03-31":23.91,"2006-03-31":27.94,"2012-03-31":20.41,"2017-03-31":23.49,"2010-03-31":24.8,"2009-03-31":23.24,"2007-03-31":29.6}],["Other Income",{"2008-03-31":3091.7,"2016-03-31":1262.24,"2014-03-31":2751.63,"2011-03-31":2400.96,"2015-03-31":2399.39,"2013-03-31":4877.92,"2006-03-31":2945.3,"2012-03-31":2961.58,"2017-03-31":1482.53,"2010-03-31":2991.29,"2009-03-31":3339.1,"2007-03-31":2901.5}],["Interest",{"2008-03-31":1923.6,"2016-03-31":3346.32,"2014-03-31":2465.96,"2011-03-31":1427.57,"2015-03-31":2841.73,"2013-03-31":1933.01,"2006-03-31":2010.1,"2012-03-31":1714.59,"2017-03-31":3698.92,"2010-03-31":1808.93,"2009-03-31":1996.2,"2007-03-31":1982.1}],["Depreciation",{"2008-03-31":2138.5,"2016-03-31":5172.34,"2014-03-31":4142.19,"2011-03-31":2485.69,"2015-03-31":4911.65,"2013-03-31":3396.76,"2006-03-31":2047.7,"2012-03-31":2791.7,"2017-03-31":5920.82,"2010-03-31":2650.06,"2009-03-31":2364.5,"2007-03-31":2075.4}],["Profit before tax",{"2008-03-31":10254.9,"2016-03-31":10595.77,"2014-03-31":13904.65,"2011-03-31":12049.6,"2015-03-31":10546.65,"2013-03-31":16578.63,"2006-03-31":6608.7,"2012-03-31":12326.16,"2017-03-31":12387.9,"2010-03-31":10885.46,"2009-03-31":9359.5,"2007-03-31":8907.4}],["Tax",{"2008-03-31":2840.1,"2016-03-31":-173.83,"2014-03-31":2929.91,"2011-03-31":2947.01,"2015-03-31":255.79,"2013-03-31":3959.24,"2006-03-31":788.5,"2012-03-31":3102.43,"2017-03-31":3002.64,"2010-03-31":2157.26,"2009-03-31":1158.2,"2007-03-31":2042.7}],["Net Profit",{"2008-03-31":7414.8,"2016-03-31":10769.6,"2014-03-31":10974.74,"2011-03-31":9102.59,"2015-03-31":10290.86,"2013-03-31":12619.39,"2006-03-31":5820.2,"2012-03-31":9223.73,"2017-03-31":9385.26,"2010-03-31":8728.2,"2009-03-31":8201.3,"2007-03-31":6864.7}],["EPS (unadj)",{"2008-03-31":8.4,"2016-03-31":12.74,"2014-03-31":12.33,"2011-03-31":10.42,"2015-03-31":11.97,"2013-03-31":14.36,"2006-03-31":6.67,"2012-03-31":10.55,"2017-03-31":10.85,"2010-03-31":9.95,"2009-03-31":9.34,"2007-03-31":7.85}],["Dividend Payout",{"2008-03-31":38.92,"2016-03-31":25.65,"2014-03-31":43.2,"2011-03-31":34.42,"2015-03-31":20.03,"2013-03-31":37.57,"2006-03-31":39.67,"2012-03-31":35.76,"2017-03-31":41.99,"2010-03-31":35.9,"2009-03-31":36.19,"2007-03-31":38.44}]],"cashflow":[["Cash from Operating Activity",{"2008-03-31":9786.0,"2016-03-31":23987.38,"2014-03-31":15732.18,"2011-03-31":11085.03,"2015-03-31":14234.7,"2013-03-31":15495.17,"2006-03-31":5972.0,"2012-03-31":10709.85,"2017-03-31":20301.37,"2010-03-31":10610.75,"2009-03-31":9688.1,"2007-03-31":8065.3}],["Cash from Investing Activity",{"2008-03-31":-5818.7,"2016-03-31":-18346.01,"2014-03-31":-13979.52,"2011-03-31":-7655.69,"2015-03-31":-14562.58,"2013-03-31":-14016.89,"2006-03-31":-2699.2,"2012-03-31":-7880.54,"2017-03-31":-24718.88,"2010-03-31":-10514.36,"2009-03-31":-7500.4,"2007-03-31":-3145.8}],["Cash from Financing Activity",{"2008-03-31":-2348.7,"2016-03-31":-4549.62,"2014-03-31":-3308.99,"2011-03-31":-1703.56,"2015-03-31":-1878.08,"2013-03-31":-752.41,"2006-03-31":-879.7,"2012-03-31":-2869.08,"2017-03-31":3202.23,"2010-03-31":-1908.54,"2009-03-31":-849.3,"2007-03-31":-76.3}],["Net Cash Flow",{"2008-03-31":1618.6,"2016-03-31":1091.75,"2014-03-31":-1556.33,"2011-03-31":1725.78,"2015-03-31":-2205.96,"2013-03-31":725.87,"2006-03-31":2393.1,"2012-03-31":-39.77,"2017-03-31":-1215.28,"2010-03-31":-1812.15,"2009-03-31":1338.4,"2007-03-31":4843.2}]],"quarters":[["Sales",{"2016-06-30":19062.91,"2016-12-31":19395.92,"2017-03-31":20416.67,"2017-06-30":19879.32,"2015-06-30":17092.98,"2015-03-31":19308.65,"2017-09-30":19698.75,"2015-12-31":17485.72,"2016-03-31":18325.15,"2017-12-31":20774.37,"2016-09-30":19397.94,"2015-09-30":17939.96}],["Expenses",{"2016-06-30":13891.68,"2016-12-31":14169.21,"2017-03-31":15736.87,"2017-06-30":14839.22,"2015-06-30":13561.63,"2015-03-31":14658.5,"2017-09-30":14258.51,"2015-12-31":12720.51,"2016-03-31":12882.44,"2017-12-31":15556.68,"2016-09-30":14005.27,"2015-09-30":13824.58}],["Operating Profit",{"2016-06-30":5171.23,"2016-12-31":5226.71,"2017-03-31":4679.8,"2017-06-30":5040.1,"2015-06-30":3531.35,"2015-03-31":4650.15,"2017-09-30":5440.24,"2015-12-31":4765.21,"2016-03-31":5442.71,"2017-12-31":5217.69,"2016-09-30":5392.67,"2015-09-30":4115.38}],["OPM",{"2016-06-30":27.13,"2016-12-31":26.95,"2017-03-31":22.92,"2017-06-30":25.35,"2015-06-30":20.66,"2015-03-31":24.08,"2017-09-30":27.62,"2015-12-31":27.25,"2016-03-31":29.7,"2017-12-31":25.12,"2016-09-30":27.8,"2015-09-30":22.94}],["Other Income",{"2016-06-30":161.2,"2016-12-31":250.17,"2017-03-31":832.24,"2017-06-30":890.88,"2015-06-30":261.05,"2015-03-31":570.73,"2017-09-30":414.68,"2015-12-31":238.96,"2016-03-31":407.26,"2017-12-31":313.47,"2016-09-30":190.62,"2015-09-30":312.54}],["Depreciation",{"2016-06-30":1395.19,"2016-12-31":1485.31,"2017-03-31":1606.17,"2017-06-30":1570.0,"2015-06-30":1186.3,"2015-03-31":1391.19,"2017-09-30":1712.68,"2015-12-31":1371.63,"2016-03-31":1325.69,"2017-12-31":1881.37,"2016-09-30":1434.15,"2015-09-30":1288.72}],["Interest",{"2016-06-30":900.42,"2016-12-31":909.03,"2017-03-31":897.92,"2017-06-30":895.6,"2015-06-30":751.49,"2015-03-31":707.49,"2017-09-30":919.47,"2015-12-31":842.43,"2016-03-31":875.97,"2017-12-31":1065.01,"2016-09-30":889.83,"2015-09-30":826.52}],["Profit before tax",{"2016-06-30":3036.82,"2016-12-31":3082.54,"2017-03-31":3007.95,"2017-06-30":3465.38,"2015-06-30":1854.61,"2015-03-31":3122.2,"2017-09-30":3222.77,"2015-12-31":2790.11,"2016-03-31":3648.31,"2017-12-31":2584.78,"2016-09-30":3259.31,"2015-09-30":2312.68}],["Tax",{"2016-06-30":698.21,"2016-12-31":613.28,"2017-03-31":928.55,"2017-06-30":847.21,"2015-06-30":-421.89,"2015-03-31":178.17,"2017-09-30":784.17,"2015-12-31":121.34,"2016-03-31":855.62,"2017-12-31":223.97,"2016-09-30":762.33,"2015-09-30":-726.55}],["Net Profit",{"2016-06-30":2338.61,"2016-12-31":2469.26,"2017-03-31":2079.4,"2017-06-30":2618.17,"2015-06-30":2276.5,"2015-03-31":2944.03,"2017-09-30":2438.6,"2015-12-31":2668.77,"2016-03-31":2792.69,"2017-12-31":2360.81,"2016-09-30":2496.98,"2015-09-30":3039.23}]]},"bse_code":"532555","short_name":"NTPC","nse_code":"NTPC","companyrating_set":[{"rating__rating":"CARE AAA","instrument":"Bank FacilitiesFund Based - LT","rating__source":"care","link":"http://google.com/search?btnI=1&q=NTPC Ltd+site:careratings.com"},{"rating__rating":"CARE A1+","instrument":"Bank FacilitiesNon-Fund Based - ST","rating__source":"care","link":"http://google.com/search?btnI=1&q=NTPC Ltd+site:careratings.com"},{"rating__rating":"CRISIL A1+","instrument":"Bank Guarantee limit","rating__source":"crisil","link":"http://www.crisil.com/ratings/company-wise-ratings.jsp?txtSearch=NTPC Ltd"},{"rating__rating":"IrAAA","instrument":"Bank Loan Rating-Issuer Rating","rating__source":"icra","link":"http://icra.in/search.aspx?word=NTPC Ltd"},{"rating__rating":"[ICRA]AAA (stable)","instrument":"Bank Loan Rating-Long Term","rating__source":"icra","link":"http://icra.in/search.aspx?word=NTPC Ltd"},{"rating__rating":"[ICRA]A1+","instrument":"Bank Loan Rating-Short Term","rating__source":"icra","link":"http://icra.in/search.aspx?word=NTPC Ltd"},{"rating__rating":"CRISIL AAA(Stable)","instrument":"Bond","rating__source":"crisil","link":"http://www.crisil.com/ratings/company-wise-ratings.jsp?txtSearch=NTPC Ltd"},{"rating__rating":"CRISIL AAA(Stable)","instrument":"Cash Credit Limit","rating__source":"crisil","link":"http://www.crisil.com/ratings/company-wise-ratings.jsp?txtSearch=NTPC Ltd"},{"rating__rating":"CRISIL A1+","instrument":"Commercial Paper","rating__source":"crisil","link":"http://www.crisil.com/ratings/company-wise-ratings.jsp?txtSearch=NTPC Ltd"},{"rating__rating":"FAAA(Stable)","instrument":"Fixed Deposit","rating__source":"crisil","link":"http://www.crisil.com/ratings/company-wise-ratings.jsp?txtSearch=NTPC Ltd"},{"rating__rating":"IrAAA","instrument":"Infrastructure Sector Rating-Issuer Rating","rating__source":"icra","link":"http://icra.in/search.aspx?word=NTPC Ltd"},{"rating__rating":"[ICRA]AAA (stable)","instrument":"Infrastructure Sector Rating-Long Term","rating__source":"icra","link":"http://icra.in/search.aspx?word=NTPC Ltd"},{"rating__rating":"[ICRA]A1+","instrument":"Infrastructure Sector Rating-Short Term","rating__source":"icra","link":"http://icra.in/search.aspx?word=NTPC Ltd"},{"rating__rating":"IrAAA","instrument":"Issuer Rating-","rating__source":"icra","link":"http://icra.in/search.aspx?word=NTPC Ltd"},{"rating__rating":"[ICRA]AAA (stable)","instrument":"Issuer Rating-Long Term","rating__source":"icra","link":"http://icra.in/search.aspx?word=NTPC Ltd"},{"rating__rating":"[ICRA]A1+","instrument":"Issuer Rating-Short Term","rating__source":"icra","link":"http://icra.in/search.aspx?word=NTPC Ltd"},{"rating__rating":"CRISIL A1+","instrument":"Letter of Credit Limit","rating__source":"crisil","link":"http://www.crisil.com/ratings/company-wise-ratings.jsp?txtSearch=NTPC Ltd"},{"rating__rating":"CRISIL AAA(Stable)","instrument":"Long Term Bank Loan","rating__source":"crisil","link":"http://www.crisil.com/ratings/company-wise-ratings.jsp?txtSearch=NTPC Ltd"},{"rating__rating":"IND AAA(Stable)","instrument":"Long Term Rating","rating__source":"fitch","link":"http://www.indiaratings.co.in/search/search.jsp?q=NTPC Ltd"},{"rating__rating":"CARE AAA","instrument":"LT InstrumentsBonds","rating__source":"care","link":"http://google.com/search?btnI=1&q=NTPC Ltd+site:careratings.com"},{"rating__rating":"CARE AAA","instrument":"LT InstrumentsDebentures","rating__source":"care","link":"http://google.com/search?btnI=1&q=NTPC Ltd+site:careratings.com"},{"rating__rating":"CRISIL AAA(Stable)","instrument":"Non Convertible Debenture","rating__source":"crisil","link":"http://www.crisil.com/ratings/company-wise-ratings.jsp?txtSearch=NTPC Ltd"},{"rating__rating":"CRISIL A1+","instrument":"Proposed Bank Guarantee","rating__source":"crisil","link":"http://www.crisil.com/ratings/company-wise-ratings.jsp?txtSearch=NTPC Ltd"},{"rating__rating":"CRISIL AAA(Stable)","instrument":"Proposed Long-Term Bank Facility","rating__source":"crisil","link":"http://www.crisil.com/ratings/company-wise-ratings.jsp?txtSearch=NTPC Ltd"},{"rating__rating":"IND A1+(Stable)","instrument":"Short Term","rating__source":"fitch","link":"http://www.indiaratings.co.in/search/search.jsp?q=NTPC Ltd"}],"annualreport_set":[{"source":"bse","report_date":2017,"link":"http://www.bseindia.com/bseplus/AnnualReport/532555/5325550317.pdf"},{"source":"bse","report_date":2016,"link":"http://www.bseindia.com/bseplus/AnnualReport/532555/5325550316.pdf"},{"source":"bse","report_date":2015,"link":"http://www.bseindia.com/bseplus/AnnualReport/532555/5325550315.pdf"},{"source":"bse","report_date":2014,"link":"http://www.bseindia.com/bseplus/AnnualReport/532555/5325550314.pdf"},{"source":"bse","report_date":2013,"link":"http://www.bseindia.com/bseplus/annualreport/532555/5325550313.pdf"},{"source":"bse","report_date":2012,"link":"http://www.bseindia.com/bseplus/annualreport/532555/5325550312.PDF"},{"source":"bse","report_date":2011,"link":"http://www.bseindia.com/bseplus/annualreport/532555/5325550311.pdf"},{"source":"nse","report_date":2011,"link":"http://nseindia.com/annual_reports/AR_NTPC_2010_2011_15092011082526.zip"},{"source":"bse","report_date":2010,"link":"http://www.bseindia.com/bseplus/annualreport/532555/5325550310.pdf"},{"source":"nse","report_date":2010,"link":"http://nseindia.com/annual_reports/AR_NTPC_2009_2010_25082010120000.zip"}],"announcement_set":[{"ann_date":"02 Apr 2018","announcement":"Commissioning Of 1St Unit Of 660 MW Of Meja Thermal Power Project (2X660 MW) Of Meja Urja Nigam Pvt. Ltd. (A JV Company Of NTPC Limited)","link":"https://www.bseindia.com/corporates/anndet_new.aspx?newsid=6e0634c0-ba52-4b48-afd8-3c635e1437cf"},{"ann_date":"29 Mar 2018","announcement":"Announcement under Regulation 30 (LODR)-Change in Directorate","link":"https://www.bseindia.com/corporates/anndet_new.aspx?newsid=c8bdd8ff-3b9b-46f2-a213-f1097ce75cfc"},{"ann_date":"23 Mar 2018","announcement":"NTPC Strikes Coal At Dulanga Coal Mine","link":"https://www.bseindia.com/corporates/anndet_new.aspx?newsid=0097f50b-7b6b-42ac-8f43-3730aa5ab424"},{"ann_date":"23 Mar 2018","announcement":"Commissioning Of 1St Unit Of 800 MW Of Lara Super Thermal Power Project  (Stage-I: 2X800 MW)","link":"https://www.bseindia.com/corporates/anndet_new.aspx?newsid=745a5763-a6ce-4c4e-84d8-058b631d022a"},{"ann_date":"13 Mar 2018","announcement":"Announcement under Regulation 30 (LODR)-Updates","link":"https://www.bseindia.com/corporates/anndet_new.aspx?newsid=69f04282-05f3-4e1b-885f-9572cc715e66"}],"warehouse_set":{"high_price":188.0,"low_price":153.15,"sales_growth":6.02,"current_price":169.45,"dividend_yield":2.82,"face_value":10.0,"id":2616,"sales_growth_3years":2.81,"profit_growth_5years":1.58,"average_return_on_equity_3years":11.75,"book_value":125.7,"status":"Active","pair_url":"/company/NTPC/consolidated","sales_growth_10years":8.66,"average_return_on_equity_10years":13.22,"profit_growth":-5.95,"market_capitalization":139719.39,"profit_growth_10years":3.38,"price_to_earning":13.92,"industry":"Electric Utilities","analysis":{"remarks":[],"bad":["Promoter's stake has decreased","The company has delivered a poor growth of 4.75% over past five years.","Company has a low return on equity of 11.75% for last 3 years.","Company might be capitalizing the interest cost"],"good":["Company has been maintaining a healthy dividend payout of 28.79%"]},"result_type":"sa","profit_growth_3years":-3.11,"sales_growth_5years":4.75,"return_on_equity":10.68,"average_return_on_equity_5years":12.62},"id":2303,"name":"NTPC Ltd"}
