{"prime":"con","number_set":{"balancesheet":[["Share Capital",{"2008-03-31":80.9,"2016-03-31":339.3,"2014-03-31":328.23,"2011-03-31":364.13,"2015-03-31":328.24,"2013-03-31":328.23,"2006-03-31":2.3,"2012-03-31":328.23,"2017-03-31":339.54,"2010-03-31":324.57,"2009-03-31":59.7,"2007-03-31":80.9}],["Reserves",{"2008-03-31":840.34,"2016-03-31":3443.95,"2014-03-31":2405.89,"2011-03-31":1696.97,"2015-03-31":2641.04,"2013-03-31":2178.15,"2006-03-31":55.4,"2012-03-31":1916.83,"2017-03-31":3770.6,"2010-03-31":599.42,"2009-03-31":877.06,"2007-03-31":749.22}],["Borrowings",{"2008-03-31":29.64,"2016-03-31":108.61,"2014-03-31":0.0,"2011-03-31":0.0,"2015-03-31":127.04,"2013-03-31":0.0,"2006-03-31":51.54,"2012-03-31":0.0,"2017-03-31":99.5,"2010-03-31":0.0,"2009-03-31":10.7,"2007-03-31":96.89}],["Other Liabilities",{"2008-03-31":141.94,"2016-03-31":701.92,"2014-03-31":852.44,"2011-03-31":511.4,"2015-03-31":1098.01,"2013-03-31":947.46,"2006-03-31":81.95,"2012-03-31":864.07,"2017-03-31":449.97,"2010-03-31":348.88,"2009-03-31":136.31,"2007-03-31":145.42}],["Total Liabilities",{"2008-03-31":1014.52,"2016-03-31":4593.78,"2014-03-31":3586.56,"2011-03-31":2536.6,"2015-03-31":4194.33,"2013-03-31":3453.84,"2006-03-31":191.19,"2012-03-31":3109.13,"2017-03-31":4659.61,"2010-03-31":1236.97,"2009-03-31":1026.67,"2007-03-31":994.13}],["Fixed Assets",{"2008-03-31":29.11,"2016-03-31":237.27,"2014-03-31":529.35,"2011-03-31":562.68,"2015-03-31":883.9,"2013-03-31":545.79,"2006-03-31":24.35,"2012-03-31":557.22,"2017-03-31":218.38,"2010-03-31":158.11,"2009-03-31":125.01,"2007-03-31":28.64}],["CWIP",{"2008-03-31":219.84,"2016-03-31":10.92,"2014-03-31":422.91,"2011-03-31":150.38,"2015-03-31":6.15,"2013-03-31":380.43,"2006-03-31":38.99,"2012-03-31":280.09,"2017-03-31":6.79,"2010-03-31":453.81,"2009-03-31":345.44,"2007-03-31":58.82}],["Investments",{"2008-03-31":281.6,"2016-03-31":1255.45,"2014-03-31":382.97,"2011-03-31":97.9,"2015-03-31":388.51,"2013-03-31":379.53,"2006-03-31":0.01,"2012-03-31":376.8,"2017-03-31":1292.99,"2010-03-31":32.6,"2009-03-31":32.61,"2007-03-31":32.55}],["Other Assets",{"2008-03-31":483.97,"2016-03-31":3090.14,"2014-03-31":2251.33,"2011-03-31":1725.64,"2015-03-31":2915.77,"2013-03-31":2148.09,"2006-03-31":127.84,"2012-03-31":1895.02,"2017-03-31":3141.45,"2010-03-31":592.45,"2009-03-31":523.61,"2007-03-31":874.12}],["Total Assets",{"2008-03-31":1014.52,"2016-03-31":4593.78,"2014-03-31":3586.56,"2011-03-31":2536.6,"2015-03-31":4194.33,"2013-03-31":3453.84,"2006-03-31":191.19,"2012-03-31":3109.13,"2017-03-31":4659.61,"2010-03-31":1236.97,"2009-03-31":1026.67,"2007-03-31":994.13}]],"annual":[["Sales",{"2008-03-31":139.1,"2016-03-31":1183.39,"2014-03-31":622.56,"2011-03-31":389.82,"2015-03-31":699.24,"2013-03-31":595.05,"2006-03-31":80.88,"2012-03-31":391.39,"2017-03-31":890.59,"2010-03-31":40.23,"2009-03-31":70.9,"2007-03-31":101.43}],["Expenses",{"2008-03-31":80.26,"2016-03-31":677.29,"2014-03-31":306.58,"2011-03-31":210.66,"2015-03-31":344.17,"2013-03-31":316.11,"2006-03-31":46.5,"2012-03-31":226.0,"2017-03-31":476.46,"2010-03-31":31.19,"2009-03-31":49.38,"2007-03-31":48.39}],["Operating Profit",{"2008-03-31":58.84,"2016-03-31":506.1,"2014-03-31":315.98,"2011-03-31":179.16,"2015-03-31":355.07,"2013-03-31":278.94,"2006-03-31":34.38,"2012-03-31":165.39,"2017-03-31":414.13,"2010-03-31":9.04,"2009-03-31":21.52,"2007-03-31":53.04}],["OPM",{"2008-03-31":42.3,"2016-03-31":42.77,"2014-03-31":50.75,"2011-03-31":45.96,"2015-03-31":50.78,"2013-03-31":46.88,"2006-03-31":42.51,"2012-03-31":42.26,"2017-03-31":46.5,"2010-03-31":22.47,"2009-03-31":30.35,"2007-03-31":52.29}],["Other Income",{"2008-03-31":28.85,"2016-03-31":165.61,"2014-03-31":83.3,"2011-03-31":50.2,"2015-03-31":61.81,"2013-03-31":147.45,"2006-03-31":0.07,"2012-03-31":158.86,"2017-03-31":58.37,"2010-03-31":5.86,"2009-03-31":15.39,"2007-03-31":8.1}],["Interest",{"2008-03-31":0.0,"2016-03-31":3.26,"2014-03-31":0.26,"2011-03-31":0.19,"2015-03-31":0.17,"2013-03-31":0.34,"2006-03-31":0.0,"2012-03-31":0.26,"2017-03-31":2.17,"2010-03-31":0.03,"2009-03-31":0.35,"2007-03-31":0.0}],["Depreciation",{"2008-03-31":0.54,"2016-03-31":42.07,"2014-03-31":22.33,"2011-03-31":18.45,"2015-03-31":33.51,"2013-03-31":23.67,"2006-03-31":0.18,"2012-03-31":22.35,"2017-03-31":42.0,"2010-03-31":4.51,"2009-03-31":2.89,"2007-03-31":0.94}],["Profit before tax",{"2008-03-31":95.62,"2016-03-31":680.72,"2014-03-31":410.75,"2011-03-31":245.07,"2015-03-31":426.57,"2013-03-31":443.62,"2006-03-31":35.55,"2012-03-31":342.84,"2017-03-31":476.13,"2010-03-31":29.01,"2009-03-31":48.65,"2007-03-31":60.37}],["Tax",{"2008-03-31":3.52,"2016-03-31":183.14,"2014-03-31":115.62,"2011-03-31":74.5,"2015-03-31":121.8,"2013-03-31":116.15,"2006-03-31":0.47,"2012-03-31":87.91,"2017-03-31":155.48,"2010-03-31":4.73,"2009-03-31":4.77,"2007-03-31":1.71}],["Net Profit",{"2008-03-31":92.1,"2016-03-31":497.58,"2014-03-31":295.12,"2011-03-31":170.57,"2015-03-31":304.77,"2013-03-31":327.47,"2006-03-31":35.08,"2012-03-31":254.93,"2017-03-31":320.65,"2010-03-31":24.28,"2009-03-31":43.88,"2007-03-31":58.66}],["EPS (unadj)",{"2008-03-31":354.23,"2016-03-31":14.66,"2014-03-31":8.94,"2011-03-31":5.03,"2015-03-31":9.16,"2013-03-31":9.98,"2006-03-31":152.39,"2012-03-31":7.44,"2017-03-31":9.44,"2010-03-31":0.59,"2009-03-31":140.58,"2007-03-31":225.38}],["Dividend Payout",{"2008-03-31":0.56,"2016-03-31":13.64,"2014-03-31":22.24,"2011-03-31":19.24,"2015-03-31":21.54,"2013-03-31":20.05,"2006-03-31":0.66,"2012-03-31":25.75,"2017-03-31":21.18,"2010-03-31":23.78,"2009-03-31":1.19,"2007-03-31":0.67}]],"cashflow":[["Cash from Operating Activity",{"2008-03-31":92.82,"2016-03-31":349.2,"2014-03-31":-315.32,"2011-03-31":254.65,"2015-03-31":232.35,"2013-03-31":-56.22,"2006-03-31":-6.58,"2012-03-31":137.99,"2017-03-31":-58.62,"2010-03-31":129.11,"2009-03-31":-28.7,"2007-03-31":-7.0}],["Cash from Investing Activity",{"2008-03-31":-411.04,"2016-03-31":-549.19,"2014-03-31":489.91,"2011-03-31":-127.38,"2015-03-31":-543.86,"2013-03-31":-590.09,"2006-03-31":-43.85,"2012-03-31":-366.68,"2017-03-31":177.8,"2010-03-31":-69.68,"2009-03-31":125.95,"2007-03-31":-329.46}],["Cash from Financing Activity",{"2008-03-31":-67.67,"2016-03-31":173.85,"2014-03-31":-67.4,"2011-03-31":985.45,"2015-03-31":59.77,"2013-03-31":-65.65,"2006-03-31":49.4,"2012-03-31":-32.82,"2017-03-31":-3.1,"2010-03-31":-44.12,"2009-03-31":-46.72,"2007-03-31":749.99}],["Net Cash Flow",{"2008-03-31":-385.89,"2016-03-31":-26.13,"2014-03-31":107.19,"2011-03-31":1112.72,"2015-03-31":-251.74,"2013-03-31":-711.96,"2006-03-31":-1.03,"2012-03-31":-261.51,"2017-03-31":116.08,"2010-03-31":15.31,"2009-03-31":50.53,"2007-03-31":413.53}]],"quarters":[["Sales",{"2016-06-30":252.97,"2016-12-31":208.73,"2017-03-31":234.01,"2017-06-30":202.16,"2015-06-30":168.87,"2015-03-31":218.73,"2017-09-30":247.15,"2015-12-31":700.87,"2016-03-31":172.32,"2017-12-31":263.51,"2016-09-30":194.87,"2015-09-30":141.38}],["Expenses",{"2016-06-30":116.83,"2016-12-31":107.36,"2017-03-31":111.44,"2017-06-30":96.11,"2015-06-30":65.18,"2015-03-31":93.42,"2017-09-30":113.19,"2015-12-31":406.58,"2016-03-31":94.8,"2017-12-31":121.38,"2016-09-30":95.86,"2015-09-30":56.48}],["Operating Profit",{"2016-06-30":136.14,"2016-12-31":101.37,"2017-03-31":122.57,"2017-06-30":106.05,"2015-06-30":103.69,"2015-03-31":125.31,"2017-09-30":133.96,"2015-12-31":294.29,"2016-03-31":77.52,"2017-12-31":142.13,"2016-09-30":99.01,"2015-09-30":84.9}],["OPM",{"2016-06-30":53.82,"2016-12-31":48.57,"2017-03-31":52.38,"2017-06-30":52.46,"2015-06-30":61.4,"2015-03-31":57.29,"2017-09-30":54.2,"2015-12-31":41.99,"2016-03-31":44.99,"2017-12-31":53.94,"2016-09-30":50.81,"2015-09-30":60.05}],["Other Income",{"2016-06-30":12.63,"2016-12-31":15.83,"2017-03-31":13.28,"2017-06-30":12.05,"2015-06-30":73.97,"2015-03-31":1.08,"2017-09-30":76.07,"2015-12-31":8.71,"2016-03-31":75.82,"2017-12-31":9.37,"2016-09-30":16.63,"2015-09-30":8.92}],["Depreciation",{"2016-06-30":10.54,"2016-12-31":10.56,"2017-03-31":7.43,"2017-06-30":10.41,"2015-06-30":10.53,"2015-03-31":8.85,"2017-09-30":10.41,"2015-12-31":10.56,"2016-03-31":10.45,"2017-12-31":9.62,"2016-09-30":10.62,"2015-09-30":10.54}],["Interest",{"2016-06-30":0.49,"2016-12-31":0.67,"2017-03-31":0.61,"2017-06-30":0.66,"2015-06-30":0.79,"2015-03-31":0.04,"2017-09-30":0.6,"2015-12-31":0.84,"2016-03-31":0.81,"2017-12-31":0.6,"2016-09-30":0.4,"2015-09-30":0.82}],["Profit before tax",{"2016-06-30":137.74,"2016-12-31":105.97,"2017-03-31":127.81,"2017-06-30":107.03,"2015-06-30":166.34,"2015-03-31":117.5,"2017-09-30":199.02,"2015-12-31":291.6,"2016-03-31":142.08,"2017-12-31":141.28,"2016-09-30":104.62,"2015-09-30":82.46}],["Tax",{"2016-06-30":45.5,"2016-12-31":33.75,"2017-03-31":41.93,"2017-06-30":33.97,"2015-06-30":33.17,"2015-03-31":39.51,"2017-09-30":43.06,"2015-12-31":99.06,"2016-03-31":24.33,"2017-12-31":48.47,"2016-09-30":34.3,"2015-09-30":26.57}],["Net Profit",{"2016-06-30":92.24,"2016-12-31":72.22,"2017-03-31":85.88,"2017-06-30":73.06,"2015-06-30":133.17,"2015-03-31":77.99,"2017-09-30":155.96,"2015-12-31":192.54,"2016-03-31":117.75,"2017-12-31":92.81,"2016-09-30":70.32,"2015-09-30":55.89}]]},"bse_code":"533273","short_name":"Oberoi Realty","nse_code":"OBEROIRLTY","companyrating_set":[{"rating__rating":"CARE AA+","instrument":"LT InstrumentsDebentures","rating__source":"care","link":"http://google.com/search?btnI=1&q=Oberoi Realty Ltd+site:careratings.com"},{"rating__rating":"CARE A1+","instrument":"ST InstrumentsCP","rating__source":"care","link":"http://google.com/search?btnI=1&q=Oberoi Realty Ltd+site:careratings.com"}],"annualreport_set":[{"source":"bse","report_date":2017,"link":"http://www.bseindia.com/bseplus/AnnualReport/533273/5332730317.pdf"},{"source":"bse","report_date":2016,"link":"http://www.bseindia.com/bseplus/AnnualReport/533273/5332730316.pdf"},{"source":"bse","report_date":2015,"link":"http://www.bseindia.com/bseplus/AnnualReport/533273/5332730315.pdf"},{"source":"bse","report_date":2014,"link":"http://www.bseindia.com/bseplus/AnnualReport/533273/5332730314.pdf"},{"source":"bse","report_date":2013,"link":"http://www.bseindia.com/bseplus/annualreport/533273/5332730313.pdf"},{"source":"nse","report_date":2013,"link":"http://nseindia.com/annual_reports/AR_122_OBEROIRLTY_2012_2013_21062013174758.zip"},{"source":"bse","report_date":2012,"link":"http://www.bseindia.com/bseplus/annualreport/533273/5332730312.PDF"},{"source":"bse","report_date":2011,"link":"http://www.bseindia.com/bseplus/annualreport/533273/5332730311.pdf"},{"source":"nse","report_date":2011,"link":"http://nseindia.com/annual_reports/AR_OBEROIRLTY_2010_2011_11102011092526.zip"}],"announcement_set":[{"ann_date":"06 Apr 2018","announcement":"Statement Of Investor Complaints For The Quarter Ended March 2018","link":"https://www.bseindia.com/corporates/anndet_new.aspx?newsid=cf920a0f-ab9e-4393-b9ed-0983ef81fc82"},{"ann_date":"03 Apr 2018","announcement":"Compliance Certificate U/R 7(3) For The Half Year Ended March 31, 2018","link":"https://www.bseindia.com/corporates/anndet_new.aspx?newsid=98abe16c-76f1-44a4-be70-66924aaebd1a"},{"ann_date":"30 Mar 2018","announcement":"Board Meeting-Closure of Trading Window","link":"https://www.bseindia.com/corporates/anndet_new.aspx?newsid=19a3794b-3a90-44e1-8f02-3ca572f8c1a2"},{"ann_date":"27 Feb 2018","announcement":"Clarification","link":"https://www.bseindia.com/corporates/anndet_new.aspx?newsid=485ce32a-e315-498c-843f-9c27cd2b754a"},{"ann_date":"27 Feb 2018","announcement":"Clarification sought from Oberoi Realty Ltd","link":"https://www.bseindia.com/corporates/anndet_new.aspx?newsid=c34e9305-f95e-4269-9a34-c1333b3c6a3c"}],"warehouse_set":{"high_price":574.4,"low_price":335.3,"sales_growth":14.23,"current_price":505.4,"dividend_yield":0.4,"face_value":10.0,"id":615,"sales_growth_3years":12.67,"profit_growth_5years":5.92,"average_return_on_equity_3years":11.1,"book_value":130.5,"status":"Active","pair_url":"/company/OBEROIRLTY/consolidated","sales_growth_10years":22.91,"average_return_on_equity_10years":10.61,"profit_growth":15.65,"market_capitalization":17163.5,"profit_growth_10years":14.79,"price_to_earning":42.1,"industry":"Realty","analysis":{"remarks":[],"bad":["Company has a low return on equity of 11.10% for last 3 years."],"good":["Company is virtually debt free.","Company has been maintaining a healthy dividend payout of 17.94%"]},"result_type":"sa","profit_growth_3years":2.63,"sales_growth_5years":17.87,"return_on_equity":8.08,"average_return_on_equity_5years":11.55},"id":2313,"name":"Oberoi Realty Ltd"}
