{"prime":"con","number_set":{"balancesheet":[["Share Capital",{"2008-03-31":41.87,"2016-03-31":42.43,"2014-03-31":42.07,"2011-03-31":41.95,"2015-03-31":42.31,"2013-03-31":42.03,"2006-03-31":38.14,"2012-03-31":41.99,"2017-03-31":42.55,"2010-03-31":41.93,"2009-03-31":41.88,"2007-03-31":41.64}],["Reserves",{"2008-03-31":2770.75,"2016-03-31":3914.83,"2014-03-31":8412.83,"2011-03-31":5108.31,"2015-03-31":2948.36,"2013-03-31":7250.31,"2006-03-31":1324.59,"2012-03-31":6204.93,"2017-03-31":2633.37,"2010-03-31":4135.33,"2009-03-31":3467.53,"2007-03-31":2316.67}],["Borrowings",{"2008-03-31":0.0,"2016-03-31":0.0,"2014-03-31":0.0,"2011-03-31":0.0,"2015-03-31":0.0,"2013-03-31":0.0,"2006-03-31":0.0,"2012-03-31":0.0,"2017-03-31":0.0,"2010-03-31":0.0,"2009-03-31":0.0,"2007-03-31":0.0}],["Other Liabilities",{"2008-03-31":472.47,"2016-03-31":1116.43,"2014-03-31":1314.05,"2011-03-31":672.34,"2015-03-31":2812.58,"2013-03-31":1033.55,"2006-03-31":490.55,"2012-03-31":866.89,"2017-03-31":2449.22,"2010-03-31":611.56,"2009-03-31":708.04,"2007-03-31":668.54}],["Total Liabilities",{"2008-03-31":3285.09,"2016-03-31":5073.69,"2014-03-31":9768.95,"2011-03-31":5822.6,"2015-03-31":5803.25,"2013-03-31":8325.89,"2006-03-31":1853.28,"2012-03-31":7113.81,"2017-03-31":5125.14,"2010-03-31":4788.82,"2009-03-31":4217.45,"2007-03-31":3026.85}],["Fixed Assets",{"2008-03-31":180.41,"2016-03-31":251.39,"2014-03-31":338.13,"2011-03-31":309.01,"2015-03-31":297.27,"2013-03-31":373.98,"2006-03-31":163.39,"2012-03-31":355.52,"2017-03-31":242.81,"2010-03-31":206.57,"2009-03-31":236.61,"2007-03-31":149.33}],["CWIP",{"2008-03-31":131.02,"2016-03-31":2.45,"2014-03-31":12.43,"2011-03-31":55.97,"2015-03-31":0.3,"2013-03-31":13.27,"2006-03-31":58.14,"2012-03-31":54.45,"2017-03-31":0.66,"2010-03-31":130.41,"2009-03-31":101.33,"2007-03-31":127.06}],["Investments",{"2008-03-31":723.41,"2016-03-31":758.53,"2014-03-31":728.24,"2011-03-31":729.24,"2015-03-31":728.24,"2013-03-31":729.24,"2006-03-31":41.35,"2012-03-31":729.24,"2017-03-31":765.16,"2010-03-31":724.73,"2009-03-31":720.14,"2007-03-31":609.22}],["Other Assets",{"2008-03-31":2250.25,"2016-03-31":4061.32,"2014-03-31":8690.15,"2011-03-31":4728.38,"2015-03-31":4777.44,"2013-03-31":7209.4,"2006-03-31":1590.4,"2012-03-31":5974.6,"2017-03-31":4116.51,"2010-03-31":3727.11,"2009-03-31":3159.37,"2007-03-31":2141.24}],["Total Assets",{"2008-03-31":3285.09,"2016-03-31":5073.69,"2014-03-31":9768.95,"2011-03-31":5822.6,"2015-03-31":5803.25,"2013-03-31":8325.89,"2006-03-31":1853.28,"2012-03-31":7113.81,"2017-03-31":5125.14,"2010-03-31":4788.82,"2009-03-31":4217.45,"2007-03-31":3026.85}]],"annual":[["Sales",{"2008-03-31":1792.97,"2016-03-31":3528.43,"2014-03-31":3159.47,"2011-03-31":2360.51,"2015-03-31":3341.1,"2013-03-31":2937.7,"2006-03-31":1153.82,"2012-03-31":2605.85,"2017-03-31":3736.31,"2010-03-31":2243.47,"2009-03-31":2212.62,"2007-03-31":1552.34}],["Expenses",{"2008-03-31":1349.78,"2016-03-31":2223.42,"2014-03-31":1985.24,"2011-03-31":1432.56,"2015-03-31":2039.93,"2013-03-31":1814.52,"2006-03-31":862.08,"2012-03-31":1685.51,"2017-03-31":2366.84,"2010-03-31":1526.56,"2009-03-31":1605.79,"2007-03-31":1151.84}],["Operating Profit",{"2008-03-31":443.19,"2016-03-31":1305.01,"2014-03-31":1174.23,"2011-03-31":927.95,"2015-03-31":1301.17,"2013-03-31":1123.18,"2006-03-31":291.74,"2012-03-31":920.34,"2017-03-31":1369.47,"2010-03-31":716.91,"2009-03-31":606.83,"2007-03-31":400.5}],["OPM",{"2008-03-31":24.72,"2016-03-31":36.99,"2014-03-31":37.17,"2011-03-31":39.31,"2015-03-31":38.94,"2013-03-31":38.23,"2006-03-31":25.28,"2012-03-31":35.32,"2017-03-31":36.65,"2010-03-31":31.96,"2009-03-31":27.43,"2007-03-31":25.8}],["Other Income",{"2008-03-31":48.65,"2016-03-31":212.87,"2014-03-31":620.92,"2011-03-31":140.3,"2015-03-31":375.9,"2013-03-31":440.32,"2006-03-31":32.59,"2012-03-31":685.86,"2017-03-31":379.92,"2010-03-31":68.1,"2009-03-31":168.31,"2007-03-31":37.08}],["Interest",{"2008-03-31":0.0,"2016-03-31":0.0,"2014-03-31":0.0,"2011-03-31":0.21,"2015-03-31":0.0,"2013-03-31":0.15,"2006-03-31":0.0,"2012-03-31":0.19,"2017-03-31":0.0,"2010-03-31":0.23,"2009-03-31":0.0,"2007-03-31":0.0}],["Depreciation",{"2008-03-31":60.31,"2016-03-31":49.77,"2014-03-31":64.35,"2011-03-31":33.65,"2015-03-31":63.44,"2013-03-31":58.61,"2006-03-31":38.78,"2012-03-31":40.12,"2017-03-31":66.8,"2010-03-31":37.41,"2009-03-31":42.84,"2007-03-31":56.54}],["Profit before tax",{"2008-03-31":431.53,"2016-03-31":1468.1,"2014-03-31":1730.8,"2011-03-31":1034.39,"2015-03-31":1613.63,"2013-03-31":1504.76,"2006-03-31":285.55,"2012-03-31":1565.89,"2017-03-31":1682.59,"2010-03-31":747.37,"2009-03-31":732.3,"2007-03-31":381.04}],["Tax",{"2008-03-31":20.66,"2016-03-31":570.35,"2014-03-31":582.45,"2011-03-31":66.41,"2015-03-31":555.61,"2013-03-31":475.5,"2006-03-31":44.75,"2012-03-31":476.66,"2017-03-31":394.5,"2010-03-31":86.52,"2009-03-31":36.59,"2007-03-31":26.37}],["Net Profit",{"2008-03-31":410.87,"2016-03-31":897.76,"2014-03-31":1148.36,"2011-03-31":967.98,"2015-03-31":1058.02,"2013-03-31":1029.26,"2006-03-31":240.8,"2012-03-31":1089.23,"2017-03-31":1288.1,"2010-03-31":660.85,"2009-03-31":695.71,"2007-03-31":354.67}],["EPS (unadj)",{"2008-03-31":49.06,"2016-03-31":69.19,"2014-03-31":136.48,"2011-03-31":115.37,"2015-03-31":6.01,"2013-03-31":122.43,"2006-03-31":30.86,"2012-03-31":129.7,"2017-03-31":103.08,"2010-03-31":78.8,"2009-03-31":83.06,"2007-03-31":42.59}],["Dividend Payout",{"2008-03-31":0.0,"2016-03-31":94.52,"2014-03-31":0.0,"2011-03-31":0.0,"2015-03-31":531.83,"2013-03-31":0.0,"2006-03-31":15.84,"2012-03-31":0.0,"2017-03-31":112.32,"2010-03-31":0.0,"2009-03-31":0.0,"2007-03-31":0.0}]],"cashflow":[["Cash from Operating Activity",{"2008-03-31":395.15,"2016-03-31":736.92,"2014-03-31":627.77,"2011-03-31":721.83,"2015-03-31":974.35,"2013-03-31":1146.12,"2006-03-31":113.57,"2012-03-31":432.96,"2017-03-31":704.58,"2010-03-31":659.06,"2009-03-31":441.58,"2007-03-31":80.99}],["Cash from Investing Activity",{"2008-03-31":-418.63,"2016-03-31":1087.19,"2014-03-31":-655.58,"2011-03-31":-1005.44,"2015-03-31":3732.98,"2013-03-31":-1234.33,"2006-03-31":-140.49,"2012-03-31":-387.27,"2017-03-31":2184.07,"2010-03-31":-433.06,"2009-03-31":-382.47,"2007-03-31":-674.32}],["Cash from Financing Activity",{"2008-03-31":2.12,"2016-03-31":-1779.17,"2014-03-31":14.09,"2011-03-31":3.06,"2015-03-31":-4689.58,"2013-03-31":15.19,"2006-03-31":-8.83,"2012-03-31":6.44,"2017-03-31":-925.4,"2010-03-31":6.58,"2009-03-31":-0.14,"2007-03-31":631.67}],["Net Cash Flow",{"2008-03-31":-21.36,"2016-03-31":44.93,"2014-03-31":-13.72,"2011-03-31":-280.55,"2015-03-31":17.75,"2013-03-31":-73.02,"2006-03-31":-35.75,"2012-03-31":52.13,"2017-03-31":1963.25,"2010-03-31":232.58,"2009-03-31":58.97,"2007-03-31":38.34}]],"quarters":[["Sales",{"2016-06-30":1010.32,"2016-12-31":953.46,"2017-03-31":864.71,"2017-06-30":1023.64,"2015-06-30":887.27,"2015-03-31":818.3,"2017-09-30":1002.93,"2015-12-31":893.62,"2016-03-31":915.03,"2017-12-31":905.81,"2016-09-30":907.82,"2015-09-30":832.51}],["Expenses",{"2016-06-30":614.29,"2016-12-31":625.75,"2017-03-31":587.78,"2017-06-30":602.82,"2015-06-30":559.11,"2015-03-31":511.9,"2017-09-30":592.58,"2015-12-31":563.49,"2016-03-31":579.64,"2017-12-31":564.94,"2016-09-30":601.84,"2015-09-30":521.19}],["Operating Profit",{"2016-06-30":396.03,"2016-12-31":327.71,"2017-03-31":276.93,"2017-06-30":420.82,"2015-06-30":328.16,"2015-03-31":306.4,"2017-09-30":410.35,"2015-12-31":330.13,"2016-03-31":335.39,"2017-12-31":340.87,"2016-09-30":305.98,"2015-09-30":311.32}],["OPM",{"2016-06-30":39.2,"2016-12-31":34.37,"2017-03-31":32.03,"2017-06-30":41.11,"2015-06-30":36.99,"2015-03-31":37.44,"2017-09-30":40.92,"2015-12-31":36.94,"2016-03-31":36.65,"2017-12-31":37.63,"2016-09-30":33.7,"2015-09-30":37.4}],["Other Income",{"2016-06-30":47.37,"2016-12-31":38.65,"2017-03-31":106.28,"2017-06-30":18.01,"2015-06-30":73.51,"2015-03-31":7.05,"2017-09-30":14.11,"2015-12-31":29.64,"2016-03-31":57.63,"2017-12-31":14.84,"2016-09-30":250.45,"2015-09-30":52.09}],["Depreciation",{"2016-06-30":18.32,"2016-12-31":15.65,"2017-03-31":15.55,"2017-06-30":15.16,"2015-06-30":13.41,"2015-03-31":16.83,"2017-09-30":14.79,"2015-12-31":11.72,"2016-03-31":12.43,"2017-12-31":13.49,"2016-09-30":17.27,"2015-09-30":12.21}],["Interest",{"2016-06-30":0.0,"2016-12-31":0.0,"2017-03-31":0.0,"2017-06-30":0.0,"2015-06-30":0.0,"2015-03-31":0.0,"2017-09-30":0.0,"2015-12-31":0.0,"2016-03-31":0.0,"2017-12-31":0.0,"2016-09-30":0.0,"2015-09-30":0.0}],["Profit before tax",{"2016-06-30":425.08,"2016-12-31":350.7,"2017-03-31":367.66,"2017-06-30":423.67,"2015-06-30":388.26,"2015-03-31":296.62,"2017-09-30":409.67,"2015-12-31":348.05,"2016-03-31":380.59,"2017-12-31":342.23,"2016-09-30":539.16,"2015-09-30":351.2}],["Tax",{"2016-06-30":129.49,"2016-12-31":115.17,"2017-03-31":76.09,"2017-06-30":128.31,"2015-06-30":139.14,"2015-03-31":95.15,"2017-09-30":102.46,"2015-12-31":128.43,"2016-03-31":174.6,"2017-12-31":116.26,"2016-09-30":73.74,"2015-09-30":128.18}],["Net Profit",{"2016-06-30":295.58,"2016-12-31":235.54,"2017-03-31":291.57,"2017-06-30":295.37,"2015-06-30":249.12,"2015-03-31":201.47,"2017-09-30":307.21,"2015-12-31":219.62,"2016-03-31":205.99,"2017-12-31":225.97,"2016-09-30":465.42,"2015-09-30":223.02}]]},"bse_code":"532466","short_name":"Oracle Fin.Serv.","nse_code":"OFSS","companyrating_set":[],"annualreport_set":[{"source":"bse","report_date":2017,"link":"http://www.bseindia.com/bseplus/AnnualReport/532466/5324660317.pdf"},{"source":"bse","report_date":2016,"link":"http://www.bseindia.com/bseplus/AnnualReport/532466/5324660316.pdf"},{"source":"bse","report_date":2015,"link":"http://www.bseindia.com/bseplus/AnnualReport/532466/5324660315.pdf"},{"source":"bse","report_date":2014,"link":"http://www.bseindia.com/bseplus/AnnualReport/532466/5324660314.pdf"},{"source":"bse","report_date":2013,"link":"http://www.bseindia.com/bseplus/annualreport/532466/5324660313.pdf"},{"source":"nse","report_date":2012,"link":"http://nseindia.com/annual_reports/AR_OFSS_2011_2012_24072012121518.zip"},{"source":"bse","report_date":2011,"link":"http://www.bseindia.com/bseplus/annualreport/532466/5324660311.pdf"},{"source":"nse","report_date":2011,"link":"http://nseindia.com/annual_reports/AR_OFSS_2010_2011_05082011150101.zip"},{"source":"bse","report_date":2010,"link":"http://www.bseindia.com/bseplus/annualreport/532466/5324660310.pdf"},{"source":"nse","report_date":2010,"link":"http://nseindia.com/annual_reports/AR_OFSS_2009_2010_18082010121500.zip"}],"announcement_set":[{"ann_date":"06 Apr 2018","announcement":"SEBI Circular No. CIR/CFD/DIL/3/2013 Dated January 17, 2013 - Amendment To SEBI (ESOS And ESPS) Guidelines, 1999 And Equity Listing Agreement - Clarification","link":"https://www.bseindia.com/corporates/anndet_new.aspx?newsid=11243612-8073-4fa7-9553-41faede86055"},{"ann_date":"06 Apr 2018","announcement":"Compliance Certificate For The Period October 1, 2017 To March 31, 2018","link":"https://www.bseindia.com/corporates/anndet_new.aspx?newsid=8d4341c9-abeb-4772-a67b-6e1d9ec26033"},{"ann_date":"02 Apr 2018","announcement":"Pre-Intimation Notice - ESOP Allotment Committee Meeting To Be Held On April 2, 2018","link":"https://www.bseindia.com/corporates/anndet_new.aspx?newsid=a724939b-e95f-40c5-af69-55b07fa32005"},{"ann_date":"21 Mar 2018","announcement":"Announcement under Regulation 30 (LODR)-Allotment of ESOP / ESPS","link":"https://www.bseindia.com/corporates/anndet_new.aspx?newsid=bfd4531c-5ff3-4def-82db-b9fc7599844d"},{"ann_date":"07 Mar 2018","announcement":"Announcement under Regulation 30 (LODR)-Meeting Updates","link":"https://www.bseindia.com/corporates/anndet_new.aspx?newsid=b9dfc27d-46a9-4f36-8298-b096d8b4f7f7"}],"warehouse_set":{"high_price":4379.2,"low_price":3372.25,"sales_growth":0.28,"current_price":3878.1,"dividend_yield":4.37,"face_value":5.0,"id":1402,"sales_growth_3years":5.75,"profit_growth_5years":4.06,"average_return_on_equity_3years":25.86,"book_value":410.28,"status":"Active","pair_url":"/company/OFSS/consolidated","sales_growth_10years":8.5,"average_return_on_equity_10years":18.91,"profit_growth":-6.85,"market_capitalization":33125.53,"profit_growth_10years":11.54,"price_to_earning":31.54,"industry":"IT Consulting & Software","analysis":{"remarks":[],"bad":["Stock is trading at 9.45 times its book value","The company has delivered a poor growth of 7.47% over past five years."],"good":["Company is virtually debt free.","Company has a good return on equity (ROE) track record: 3 Years ROE 25.86%","Company has been maintaining a healthy dividend payout of 244.22%"]},"result_type":"sa","profit_growth_3years":-0.66,"sales_growth_5years":7.47,"return_on_equity":33.94,"average_return_on_equity_5years":19.04},"id":2344,"name":"Oracle Financial Services Software Ltd"}
