{"prime":"sa","number_set":{"balancesheet":[["Share Capital",{"2008-03-31":214.0,"2016-03-31":601.14,"2014-03-31":601.14,"2011-03-31":240.45,"2015-03-31":601.14,"2013-03-31":601.14,"2006-03-31":214.0,"2012-03-31":240.45,"2017-03-31":801.51,"2010-03-31":240.45,"2009-03-31":214.0,"2007-03-31":214.0}],["Reserves",{"2008-03-31":7720.11,"2016-03-31":24318.31,"2014-03-31":20107.04,"2011-03-31":15361.42,"2015-03-31":20913.17,"2013-03-31":18610.34,"2006-03-31":5635.3,"2012-03-31":17480.89,"2017-03-31":28288.98,"2010-03-31":13525.23,"2009-03-31":9118.47,"2007-03-31":6636.14}],["Borrowings",{"2008-03-31":174.88,"2016-03-31":9132.84,"2014-03-31":9782.69,"2011-03-31":1026.79,"2015-03-31":8341.08,"2013-03-31":1057.81,"2006-03-31":334.1,"2012-03-31":18.88,"2017-03-31":8947.53,"2010-03-31":37.5,"2009-03-31":56.45,"2007-03-31":814.01}],["Other Liabilities",{"2008-03-31":2685.4,"2016-03-31":5364.53,"2014-03-31":4840.74,"2011-03-31":4783.39,"2015-03-31":6746.15,"2013-03-31":4867.52,"2006-03-31":2855.94,"2012-03-31":5569.83,"2017-03-31":7968.12,"2010-03-31":4478.27,"2009-03-31":4165.44,"2007-03-31":2636.48}],["Total Liabilities",{"2008-03-31":10794.39,"2016-03-31":39416.82,"2014-03-31":35331.61,"2011-03-31":21412.05,"2015-03-31":36601.54,"2013-03-31":25136.81,"2006-03-31":9039.34,"2012-03-31":23310.05,"2017-03-31":46006.14,"2010-03-31":18281.45,"2009-03-31":13554.36,"2007-03-31":10300.63}],["Fixed Assets",{"2008-03-31":3418.79,"2016-03-31":2764.51,"2014-03-31":1149.65,"2011-03-31":989.7,"2015-03-31":1675.68,"2013-03-31":1202.46,"2006-03-31":2754.01,"2012-03-31":1058.35,"2017-03-31":3788.16,"2010-03-31":1075.22,"2009-03-31":1133.78,"2007-03-31":3051.14}],["CWIP",{"2008-03-31":644.55,"2016-03-31":1804.87,"2014-03-31":2077.16,"2011-03-31":1218.24,"2015-03-31":2697.28,"2013-03-31":1769.01,"2006-03-31":311.84,"2012-03-31":1131.5,"2017-03-31":1893.64,"2010-03-31":328.66,"2009-03-31":318.58,"2007-03-31":530.12}],["Investments",{"2008-03-31":488.66,"2016-03-31":14453.04,"2014-03-31":11456.61,"2011-03-31":890.41,"2015-03-31":11677.71,"2013-03-31":1857.07,"2006-03-31":430.15,"2012-03-31":2614.19,"2017-03-31":21950.39,"2010-03-31":859.44,"2009-03-31":488.66,"2007-03-31":407.54}],["Other Assets",{"2008-03-31":6242.39,"2016-03-31":20394.4,"2014-03-31":20648.19,"2011-03-31":18313.7,"2015-03-31":20550.87,"2013-03-31":20308.27,"2006-03-31":5543.34,"2012-03-31":18506.01,"2017-03-31":18373.95,"2010-03-31":16018.13,"2009-03-31":11613.34,"2007-03-31":6311.83}],["Total Assets",{"2008-03-31":10794.39,"2016-03-31":39416.82,"2014-03-31":35331.61,"2011-03-31":21412.05,"2015-03-31":36601.54,"2013-03-31":25136.81,"2006-03-31":9039.34,"2012-03-31":23310.05,"2017-03-31":46006.14,"2010-03-31":18281.45,"2009-03-31":13554.36,"2007-03-31":10300.63}]],"annual":[["Sales",{"2008-03-31":6081.95,"2016-03-31":9764.87,"2014-03-31":9586.82,"2011-03-31":8320.6,"2015-03-31":9748.23,"2013-03-31":9947.57,"2006-03-31":5556.52,"2012-03-31":9863.23,"2017-03-31":9510.39,"2010-03-31":7905.55,"2009-03-31":7241.45,"2007-03-31":5389.21}],["Expenses",{"2008-03-31":null,"2016-03-31":6917.44,"2014-03-31":6503.67,"2011-03-31":null,"2015-03-31":6779.49,"2013-03-31":5795.19,"2006-03-31":null,"2012-03-31":5696.82,"2017-03-31":8030.7,"2010-03-31":null,"2009-03-31":null,"2007-03-31":null}],["Operating Profit",{"2008-03-31":null,"2016-03-31":2847.43,"2014-03-31":3083.15,"2011-03-31":null,"2015-03-31":2968.74,"2013-03-31":4152.38,"2006-03-31":null,"2012-03-31":4166.41,"2017-03-31":1479.69,"2010-03-31":null,"2009-03-31":null,"2007-03-31":null}],["OPM",{"2008-03-31":null,"2016-03-31":29.16,"2014-03-31":32.16,"2011-03-31":null,"2015-03-31":30.45,"2013-03-31":41.74,"2006-03-31":null,"2012-03-31":42.24,"2017-03-31":15.56,"2010-03-31":null,"2009-03-31":null,"2007-03-31":null}],["Other Income",{"2008-03-31":736.16,"2016-03-31":1393.76,"2014-03-31":1628.64,"2011-03-31":873.89,"2015-03-31":1271.63,"2013-03-31":1530.45,"2006-03-31":491.95,"2012-03-31":1416.67,"2017-03-31":1680.68,"2010-03-31":954.18,"2009-03-31":957.29,"2007-03-31":622.37}],["Interest",{"2008-03-31":34.36,"2016-03-31":384.0,"2014-03-31":68.78,"2011-03-31":13.13,"2015-03-31":340.68,"2013-03-31":2.6,"2006-03-31":16.19,"2012-03-31":9.37,"2017-03-31":396.71,"2010-03-31":3.65,"2009-03-31":8.74,"2007-03-31":13.96}],["Depreciation",{"2008-03-31":91.86,"2016-03-31":942.3,"2014-03-31":715.81,"2011-03-31":819.67,"2015-03-31":732.64,"2013-03-31":837.63,"2006-03-31":143.24,"2012-03-31":885.24,"2017-03-31":1090.73,"2010-03-31":220.31,"2009-03-31":168.08,"2007-03-31":81.83}],["Profit before tax",{"2008-03-31":2713.37,"2016-03-31":3440.57,"2014-03-31":4410.44,"2011-03-31":4313.2,"2015-03-31":3728.7,"2013-03-31":5283.23,"2006-03-31":2674.35,"2012-03-31":5101.86,"2017-03-31":2146.32,"2010-03-31":3895.05,"2009-03-31":3386.93,"2007-03-31":2482.6}],["Tax",{"2008-03-31":924.44,"2016-03-31":1138.9,"2014-03-31":1429.14,"2011-03-31":1425.47,"2015-03-31":1218.5,"2013-03-31":1693.89,"2006-03-31":984.42,"2012-03-31":1654.94,"2017-03-31":597.64,"2010-03-31":1284.53,"2009-03-31":1225.25,"2007-03-31":842.61}],["Net Profit",{"2008-03-31":1788.93,"2016-03-31":2301.67,"2014-03-31":2981.3,"2011-03-31":2887.73,"2015-03-31":2510.2,"2013-03-31":3589.34,"2006-03-31":1689.93,"2012-03-31":3446.92,"2017-03-31":1548.68,"2010-03-31":2610.52,"2009-03-31":2161.68,"2007-03-31":1639.99}],["EPS (unadj)",{"2008-03-31":78.92,"2016-03-31":36.66,"2014-03-31":45.94,"2011-03-31":113.94,"2015-03-31":37.72,"2013-03-31":54.79,"2006-03-31":75.25,"2012-03-31":135.65,"2017-03-31":17.39,"2010-03-31":102.85,"2009-03-31":95.83,"2007-03-31":72.77}],["Dividend Payout",{"2008-03-31":32.9,"2016-03-31":41.79,"2014-03-31":43.35,"2011-03-31":31.23,"2015-03-31":47.9,"2013-03-31":50.24,"2006-03-31":33.56,"2012-03-31":27.9,"2017-03-31":73.75,"2010-03-31":31.32,"2009-03-31":30.19,"2007-03-31":33.93}]],"cashflow":[["Cash from Operating Activity",{"2008-03-31":2636.56,"2016-03-31":3474.27,"2014-03-31":2658.33,"2011-03-31":3052.2,"2015-03-31":1154.99,"2013-03-31":1374.99,"2006-03-31":2588.9,"2012-03-31":3031.05,"2017-03-31":3420.97,"2010-03-31":1963.46,"2009-03-31":3170.12,"2007-03-31":1002.71}],["Cash from Investing Activity",{"2008-03-31":-453.28,"2016-03-31":-2174.67,"2014-03-31":-10078.43,"2011-03-31":151.71,"2015-03-31":-1163.47,"2013-03-31":711.91,"2006-03-31":-692.03,"2012-03-31":-1329.0,"2017-03-31":-1565.48,"2010-03-31":-1326.06,"2009-03-31":-496.49,"2007-03-31":-647.82}],["Cash from Financing Activity",{"2008-03-31":-1178.15,"2016-03-31":-1248.46,"2014-03-31":6830.85,"2011-03-31":20.63,"2015-03-31":-2827.9,"2013-03-31":-889.45,"2006-03-31":-659.41,"2012-03-31":-2534.02,"2017-03-31":-1860.36,"2010-03-31":1835.5,"2009-03-31":-884.45,"2007-03-31":-180.69}],["Net Cash Flow",{"2008-03-31":1005.13,"2016-03-31":51.14,"2014-03-31":-589.25,"2011-03-31":3224.54,"2015-03-31":-2836.38,"2013-03-31":1197.45,"2006-03-31":1237.46,"2012-03-31":-831.97,"2017-03-31":-4.87,"2010-03-31":2472.9,"2009-03-31":1789.18,"2007-03-31":174.2}]],"quarters":[["Sales",{"2016-06-30":2221.19,"2016-12-31":2445.93,"2017-03-31":2511.89,"2017-06-30":2331.74,"2015-06-30":2882.64,"2015-03-31":2712.99,"2017-09-30":2473.74,"2015-12-31":2341.56,"2016-03-31":2009.25,"2017-12-31":2852.55,"2016-09-30":2331.38,"2015-09-30":2531.42}],["Expenses",{"2016-06-30":1358.3,"2016-12-31":1711.66,"2017-03-31":2992.45,"2017-06-30":1457.63,"2015-06-30":1661.3,"2015-03-31":1889.71,"2017-09-30":1461.55,"2015-12-31":1598.22,"2016-03-31":1520.27,"2017-12-31":1628.08,"2016-09-30":1494.9,"2015-09-30":1611.97}],["Operating Profit",{"2016-06-30":862.89,"2016-12-31":734.27,"2017-03-31":-480.56,"2017-06-30":874.11,"2015-06-30":1221.34,"2015-03-31":823.28,"2017-09-30":1012.19,"2015-12-31":743.34,"2016-03-31":488.98,"2017-12-31":1224.47,"2016-09-30":836.48,"2015-09-30":919.45}],["OPM",{"2016-06-30":38.85,"2016-12-31":30.02,"2017-03-31":-19.13,"2017-06-30":37.49,"2015-06-30":42.37,"2015-03-31":30.35,"2017-09-30":40.92,"2015-12-31":31.75,"2016-03-31":24.34,"2017-12-31":42.93,"2016-09-30":35.88,"2015-09-30":36.32}],["Other Income",{"2016-06-30":239.66,"2016-12-31":254.39,"2017-03-31":797.09,"2017-06-30":153.96,"2015-06-30":281.48,"2015-03-31":265.02,"2017-09-30":330.99,"2015-12-31":247.17,"2016-03-31":435.76,"2017-12-31":212.75,"2016-09-30":389.54,"2015-09-30":429.35}],["Depreciation",{"2016-06-30":228.9,"2016-12-31":278.87,"2017-03-31":330.88,"2017-06-30":290.27,"2015-06-30":184.4,"2015-03-31":205.7,"2017-09-30":323.83,"2015-12-31":243.23,"2016-03-31":299.32,"2017-12-31":356.08,"2016-09-30":252.08,"2015-09-30":215.35}],["Interest",{"2016-06-30":99.06,"2016-12-31":102.35,"2017-03-31":96.37,"2017-06-30":99.89,"2015-06-30":91.9,"2015-03-31":96.95,"2017-09-30":105.77,"2015-12-31":96.95,"2016-03-31":98.39,"2017-12-31":102.33,"2016-09-30":98.93,"2015-09-30":96.76}],["Profit before tax",{"2016-06-30":774.59,"2016-12-31":607.44,"2017-03-31":-110.72,"2017-06-30":637.91,"2015-06-30":1226.52,"2015-03-31":785.65,"2017-09-30":913.58,"2015-12-31":650.33,"2016-03-31":527.03,"2017-12-31":978.81,"2016-09-30":875.01,"2015-09-30":1036.69}],["Tax",{"2016-06-30":280.18,"2016-12-31":152.75,"2017-03-31":-130.03,"2017-06-30":187.67,"2015-06-30":483.31,"2015-03-31":233.93,"2017-09-30":267.61,"2015-12-31":267.67,"2016-03-31":56.9,"2017-12-31":273.59,"2016-09-30":294.74,"2015-09-30":331.02}],["Net Profit",{"2016-06-30":494.41,"2016-12-31":454.69,"2017-03-31":19.31,"2017-06-30":450.24,"2015-06-30":743.21,"2015-03-31":551.72,"2017-09-30":645.97,"2015-12-31":382.66,"2016-03-31":470.13,"2017-12-31":705.22,"2016-09-30":580.27,"2015-09-30":705.67}]]},"bse_code":"533106","short_name":"Oil India","nse_code":"OIL","companyrating_set":[{"rating__rating":"[ICRA]AAA (stable)","instrument":"Bank Loan Rating-Long Term","rating__source":"icra","link":"http://icra.in/search.aspx?word=Oil India Ltd"},{"rating__rating":"[ICRA]A1+","instrument":"Bank Loan Rating-Short Term","rating__source":"icra","link":"http://icra.in/search.aspx?word=Oil India Ltd"},{"rating__rating":"[ICRA]AAA (stable)","instrument":"Corporate Debt Rating-Long Term","rating__source":"icra","link":"http://icra.in/search.aspx?word=Oil India Ltd"},{"rating__rating":"[ICRA]A1+","instrument":"Corporate Debt Rating-Short Term","rating__source":"icra","link":"http://icra.in/search.aspx?word=Oil India Ltd"}],"annualreport_set":[{"source":"bse","report_date":2017,"link":"http://www.bseindia.com/bseplus/AnnualReport/533106/5331060317.pdf"},{"source":"bse","report_date":2016,"link":"http://www.bseindia.com/bseplus/AnnualReport/533106/5331060316.pdf"},{"source":"bse","report_date":2015,"link":"http://www.bseindia.com/bseplus/AnnualReport/533106/5331060315.pdf"},{"source":"bse","report_date":2014,"link":"http://www.bseindia.com/bseplus/AnnualReport/533106/5331060314.pdf"},{"source":"bse","report_date":2013,"link":"http://www.bseindia.com/bseplus/annualreport/533106/5331060313.pdf"},{"source":"bse","report_date":2011,"link":"http://www.bseindia.com/bseplus/annualreport/533106/5331060311.pdf"},{"source":"nse","report_date":2011,"link":"http://nseindia.com/annual_reports/AR_OIL_2010_2011_14092011033535.zip"},{"source":"bse","report_date":2010,"link":"http://www.bseindia.com/bseplus/annualreport/533106/5331060310.pdf"},{"source":"nse","report_date":2010,"link":"http://nseindia.com/annual_reports/AR_OIL_2009_2010_26082010120000.zip"}],"announcement_set":[{"ann_date":"06 Apr 2018","announcement":"Compliance Certificate : Half Year Ended 31.03.2018 Reg 7(3) Of The SEBI (LODR) Regulations, 2015","link":"https://www.bseindia.com/corporates/anndet_new.aspx?newsid=22d9e135-48f1-4a7c-8fa8-6a228d91c87e"},{"ann_date":"26 Mar 2018","announcement":"Disclosure of Voting results of Postal Ballot (Regulation 44(3) of SEBI (LODR) Regulations, 2015)","link":"https://www.bseindia.com/corporates/anndet_new.aspx?newsid=23453873-904c-437f-848f-ff08485ed5af"},{"ann_date":"21 Mar 2018","announcement":"Announcement under Regulation 30 (LODR)-Memorandum of Understanding /Agreements","link":"https://www.bseindia.com/corporates/anndet_new.aspx?newsid=8841e3a0-e28c-419c-8491-40fc7b04b829"},{"ann_date":"13 Mar 2018","announcement":"Issue Of Bonus Shares (2018) : Record Date (Revised)","link":"https://www.bseindia.com/corporates/anndet_new.aspx?newsid=429e1c54-882d-49e6-a9ec-495b93a5bf03"},{"ann_date":"13 Mar 2018","announcement":"Issue Of Bonus Shares (2018) : Record Date","link":"https://www.bseindia.com/corporates/anndet_new.aspx?newsid=4730cdaf-307c-4c2e-96da-0511f7abeb9a"}],"warehouse_set":{"high_price":259.3,"low_price":171.4,"sales_growth":12.9,"current_price":217.6,"dividend_yield":4.62,"face_value":10.0,"id":804,"sales_growth_3years":-0.27,"profit_growth_5years":-6.65,"average_return_on_equity_3years":10.36,"book_value":272.2,"status":"Active","pair_url":"/company/OIL/consolidated","sales_growth_10years":5.09,"average_return_on_equity_10years":15.6,"profit_growth":-8.94,"market_capitalization":24695.51,"profit_growth_10years":3.43,"price_to_earning":8.31,"industry":"Exploration & Production","analysis":{"remarks":[],"bad":["The company has delivered a poor growth of -0.73% over past five years.","Company has a low return on equity of 10.36% for last 3 years.","Earnings include an other income of Rs.1494.79 Cr."],"good":["Stock is trading at 0.80 times its book value","Company has been maintaining a healthy dividend payout of 51.98%"]},"result_type":"sa","profit_growth_3years":-6.42,"sales_growth_5years":-0.73,"return_on_equity":9.05,"average_return_on_equity_5years":12.69},"id":2322,"name":"Oil India Ltd"}
