{"prime":"sa","number_set":{"balancesheet":[["Share Capital",{"2008-03-31":22.16,"2016-03-31":179.1,"2014-03-31":179.1,"2011-03-31":44.66,"2015-03-31":179.1,"2013-03-31":179.1,"2012-03-31":133.97,"2017-03-31":179.14,"2010-03-31":40.16,"2009-03-31":22.16}],["Reserves",{"2008-03-31":13.37,"2016-03-31":2231.05,"2014-03-31":1503.16,"2011-03-31":281.01,"2015-03-31":1811.28,"2013-03-31":1209.71,"2012-03-31":421.82,"2017-03-31":3187.64,"2010-03-31":110.83,"2009-03-31":32.43}],["Borrowings",{"2008-03-31":54.94,"2016-03-31":970.38,"2014-03-31":1004.21,"2011-03-31":139.56,"2015-03-31":681.86,"2013-03-31":233.07,"2012-03-31":578.27,"2017-03-31":802.78,"2010-03-31":83.49,"2009-03-31":218.4}],["Other Liabilities",{"2008-03-31":83.82,"2016-03-31":2357.98,"2014-03-31":1546.08,"2011-03-31":613.66,"2015-03-31":2039.27,"2013-03-31":1813.31,"2012-03-31":963.7,"2017-03-31":3050.41,"2010-03-31":478.49,"2009-03-31":138.95}],["Total Liabilities",{"2008-03-31":174.29,"2016-03-31":5738.51,"2014-03-31":4232.55,"2011-03-31":1078.89,"2015-03-31":4711.51,"2013-03-31":3435.19,"2012-03-31":2097.76,"2017-03-31":7219.97,"2010-03-31":712.97,"2009-03-31":411.94}],["Fixed Assets",{"2008-03-31":6.63,"2016-03-31":89.88,"2014-03-31":83.93,"2011-03-31":32.51,"2015-03-31":89.58,"2013-03-31":62.76,"2012-03-31":56.57,"2017-03-31":83.67,"2010-03-31":21.51,"2009-03-31":9.58}],["CWIP",{"2008-03-31":0.0,"2016-03-31":0.0,"2014-03-31":1.1,"2011-03-31":0.0,"2015-03-31":0.0,"2013-03-31":1.04,"2012-03-31":0.98,"2017-03-31":0.0,"2010-03-31":0.0,"2009-03-31":0.0}],["Investments",{"2008-03-31":0.0,"2016-03-31":8.17,"2014-03-31":185.0,"2011-03-31":0.0,"2015-03-31":13.18,"2013-03-31":442.93,"2012-03-31":0.01,"2017-03-31":143.33,"2010-03-31":0.0,"2009-03-31":0.0}],["Other Assets",{"2008-03-31":167.66,"2016-03-31":5640.46,"2014-03-31":3962.52,"2011-03-31":1046.38,"2015-03-31":4608.75,"2013-03-31":2928.46,"2012-03-31":2040.2,"2017-03-31":6992.97,"2010-03-31":691.46,"2009-03-31":402.36}],["Total Assets",{"2008-03-31":174.29,"2016-03-31":5738.51,"2014-03-31":4232.55,"2011-03-31":1078.89,"2015-03-31":4711.51,"2013-03-31":3435.19,"2012-03-31":2097.76,"2017-03-31":7219.97,"2010-03-31":712.97,"2009-03-31":411.94}]],"annual":[["Sales",{"2008-03-31":321.34,"2016-03-31":7232.1,"2014-03-31":5324.83,"2011-03-31":1977.06,"2015-03-31":6348.52,"2013-03-31":4018.42,"2012-03-31":3041.93,"2017-03-31":8099.44,"2010-03-31":984.85,"2009-03-31":622.73}],["Expenses",{"2008-03-31":299.05,"2016-03-31":6473.0,"2014-03-31":4737.09,"2011-03-31":1778.17,"2015-03-31":5618.55,"2013-03-31":3536.64,"2012-03-31":2710.71,"2017-03-31":7338.44,"2010-03-31":886.38,"2009-03-31":573.27}],["Operating Profit",{"2008-03-31":22.29,"2016-03-31":759.1,"2014-03-31":587.74,"2011-03-31":198.89,"2015-03-31":729.97,"2013-03-31":481.78,"2012-03-31":331.22,"2017-03-31":761.0,"2010-03-31":98.47,"2009-03-31":49.46}],["OPM",{"2008-03-31":6.94,"2016-03-31":10.5,"2014-03-31":11.04,"2011-03-31":10.06,"2015-03-31":11.5,"2013-03-31":11.99,"2012-03-31":10.89,"2017-03-31":9.4,"2010-03-31":10.0,"2009-03-31":7.94}],["Other Income",{"2008-03-31":2.3,"2016-03-31":50.72,"2014-03-31":47.24,"2011-03-31":16.79,"2015-03-31":59.19,"2013-03-31":20.21,"2012-03-31":17.57,"2017-03-31":109.15,"2010-03-31":18.16,"2009-03-31":7.24}],["Interest",{"2008-03-31":9.03,"2016-03-31":250.77,"2014-03-31":153.28,"2011-03-31":49.6,"2015-03-31":226.82,"2013-03-31":127.47,"2012-03-31":77.21,"2017-03-31":281.74,"2010-03-31":38.21,"2009-03-31":21.63}],["Depreciation",{"2008-03-31":0.65,"2016-03-31":22.61,"2014-03-31":12.32,"2011-03-31":2.97,"2015-03-31":23.02,"2013-03-31":9.99,"2012-03-31":6.59,"2017-03-31":22.01,"2010-03-31":1.86,"2009-03-31":1.18}],["Profit before tax",{"2008-03-31":14.91,"2016-03-31":536.44,"2014-03-31":469.38,"2011-03-31":163.11,"2015-03-31":539.32,"2013-03-31":364.53,"2012-03-31":264.99,"2017-03-31":566.4,"2010-03-31":76.56,"2009-03-31":33.89}],["Tax",{"2008-03-31":1.94,"2016-03-31":137.13,"2014-03-31":113.06,"2011-03-31":18.25,"2015-03-31":161.09,"2013-03-31":73.88,"2012-03-31":33.7,"2017-03-31":135.87,"2010-03-31":10.1,"2009-03-31":2.91}],["Net Profit",{"2008-03-31":12.97,"2016-03-31":399.31,"2014-03-31":356.31,"2011-03-31":144.86,"2015-03-31":378.23,"2013-03-31":290.66,"2012-03-31":231.29,"2017-03-31":430.53,"2010-03-31":66.46,"2009-03-31":30.98}],["EPS (unadj)",{"2008-03-31":5.85,"2016-03-31":22.3,"2014-03-31":19.38,"2011-03-31":32.44,"2015-03-31":20.45,"2013-03-31":16.06,"2012-03-31":17.26,"2017-03-31":24.03,"2010-03-31":16.55,"2009-03-31":13.98}],["Dividend Payout",{"2008-03-31":0.0,"2016-03-31":15.03,"2014-03-31":15.08,"2011-03-31":0.0,"2015-03-31":15.15,"2013-03-31":6.16,"2012-03-31":0.0,"2017-03-31":4.16,"2010-03-31":0.0,"2009-03-31":0.0}]],"cashflow":[["Cash from Operating Activity",{"2008-03-31":0.35,"2016-03-31":70.37,"2014-03-31":-785.71,"2011-03-31":-29.33,"2015-03-31":334.15,"2013-03-31":519.6,"2012-03-31":-336.52,"2017-03-31":838.6,"2010-03-31":170.09,"2009-03-31":-141.91}],["Cash from Investing Activity",{"2008-03-31":-3.35,"2016-03-31":-86.33,"2014-03-31":246.19,"2011-03-31":-11.63,"2015-03-31":212.58,"2013-03-31":-583.02,"2012-03-31":-38.29,"2017-03-31":-644.59,"2010-03-31":-11.07,"2009-03-31":-6.69}],["Cash from Financing Activity",{"2008-03-31":7.26,"2016-03-31":16.52,"2014-03-31":570.83,"2011-03-31":19.24,"2015-03-31":-565.73,"2013-03-31":131.94,"2012-03-31":367.05,"2017-03-31":89.2,"2010-03-31":-137.38,"2009-03-31":160.33}],["Net Cash Flow",{"2008-03-31":4.26,"2016-03-31":0.56,"2014-03-31":31.31,"2011-03-31":-21.72,"2015-03-31":-19.0,"2013-03-31":68.52,"2012-03-31":-7.76,"2017-03-31":283.21,"2010-03-31":21.64,"2009-03-31":11.73}]],"quarters":[["Sales",{"2016-06-30":1664.45,"2016-12-31":2105.26,"2017-03-31":2155.43,"2017-06-30":2115.07,"2015-06-30":1510.65,"2015-03-31":2020.19,"2017-09-30":2622.32,"2015-12-31":2180.48,"2016-03-31":1871.38,"2017-12-31":2644.89,"2016-09-30":2174.29,"2015-09-30":1669.59}],["Expenses",{"2016-06-30":1458.79,"2016-12-31":1928.59,"2017-03-31":1978.58,"2017-06-30":1881.86,"2015-06-30":1342.03,"2015-03-31":1814.69,"2017-09-30":2343.8,"2015-12-31":1958.05,"2016-03-31":1705.68,"2017-12-31":2375.99,"2016-09-30":1995.58,"2015-09-30":1473.36}],["Operating Profit",{"2016-06-30":205.66,"2016-12-31":176.67,"2017-03-31":176.85,"2017-06-30":233.21,"2015-06-30":168.62,"2015-03-31":205.5,"2017-09-30":278.52,"2015-12-31":222.43,"2016-03-31":165.7,"2017-12-31":268.9,"2016-09-30":178.71,"2015-09-30":196.23}],["OPM",{"2016-06-30":12.36,"2016-12-31":8.39,"2017-03-31":8.2,"2017-06-30":11.03,"2015-06-30":11.16,"2015-03-31":10.17,"2017-09-30":10.62,"2015-12-31":10.2,"2016-03-31":8.85,"2017-12-31":10.17,"2016-09-30":8.22,"2015-09-30":11.75}],["Other Income",{"2016-06-30":10.13,"2016-12-31":13.91,"2017-03-31":50.79,"2017-06-30":21.49,"2015-06-30":6.38,"2015-03-31":30.13,"2017-09-30":20.66,"2015-12-31":26.97,"2016-03-31":12.81,"2017-12-31":45.53,"2016-09-30":50.39,"2015-09-30":4.56}],["Depreciation",{"2016-06-30":5.01,"2016-12-31":5.63,"2017-03-31":5.89,"2017-06-30":4.92,"2015-06-30":5.1,"2015-03-31":6.26,"2017-09-30":4.91,"2015-12-31":6.12,"2016-03-31":5.95,"2017-12-31":5.26,"2016-09-30":5.48,"2015-09-30":5.44}],["Interest",{"2016-06-30":63.6,"2016-12-31":69.93,"2017-03-31":70.21,"2017-06-30":59.64,"2015-06-30":55.7,"2015-03-31":60.64,"2017-09-30":76.44,"2015-12-31":61.43,"2016-03-31":67.58,"2017-12-31":81.56,"2016-09-30":70.96,"2015-09-30":59.94}],["Profit before tax",{"2016-06-30":147.18,"2016-12-31":115.02,"2017-03-31":151.54,"2017-06-30":190.14,"2015-06-30":114.2,"2015-03-31":168.73,"2017-09-30":217.83,"2015-12-31":181.85,"2016-03-31":104.98,"2017-12-31":227.61,"2016-09-30":152.66,"2015-09-30":135.41}],["Tax",{"2016-06-30":40.59,"2016-12-31":8.05,"2017-03-31":41.49,"2017-06-30":54.32,"2015-06-30":32.93,"2015-03-31":48.6,"2017-09-30":67.24,"2015-12-31":34.51,"2016-03-31":26.2,"2017-12-31":64.9,"2016-09-30":45.73,"2015-09-30":43.49}],["Net Profit",{"2016-06-30":106.59,"2016-12-31":106.97,"2017-03-31":110.05,"2017-06-30":135.82,"2015-06-30":81.27,"2015-03-31":120.13,"2017-09-30":150.59,"2015-12-31":147.34,"2016-03-31":78.78,"2017-12-31":162.71,"2016-09-30":106.93,"2015-09-30":91.92}]]},"bse_code":"534809","short_name":"PC Jeweller","nse_code":"PCJEWELLER","companyrating_set":[{"rating__rating":"CRISIL A(Stable)","instrument":"Cash Credit Limit","rating__source":"crisil","link":"http://www.crisil.com/ratings/company-wise-ratings.jsp?txtSearch=PC Jeweller Ltd"},{"rating__rating":"CRISIL A1","instrument":"Commercial Paper","rating__source":"crisil","link":"http://www.crisil.com/ratings/company-wise-ratings.jsp?txtSearch=PC Jeweller Ltd"},{"rating__rating":"CRISIL A1","instrument":"Foreign Exchange Forwards","rating__source":"crisil","link":"http://www.crisil.com/ratings/company-wise-ratings.jsp?txtSearch=PC Jeweller Ltd"},{"rating__rating":"CRISIL A1","instrument":"Letter of Credit Limit","rating__source":"crisil","link":"http://www.crisil.com/ratings/company-wise-ratings.jsp?txtSearch=PC Jeweller Ltd"},{"rating__rating":"CRISIL A(Stable)","instrument":"Proposed Long-Term Bank Facility","rating__source":"crisil","link":"http://www.crisil.com/ratings/company-wise-ratings.jsp?txtSearch=PC Jeweller Ltd"},{"rating__rating":"CRISIL A1","instrument":"Standby Letter Of Credit","rating__source":"crisil","link":"http://www.crisil.com/ratings/company-wise-ratings.jsp?txtSearch=PC Jeweller Ltd"}],"annualreport_set":[{"source":"bse","report_date":2017,"link":"http://www.bseindia.com/bseplus/AnnualReport/534809/5348090317.pdf"},{"source":"bse","report_date":2016,"link":"http://www.bseindia.com/bseplus/AnnualReport/534809/5348090316.pdf"},{"source":"bse","report_date":2015,"link":"http://www.bseindia.com/bseplus/AnnualReport/534809/5348090315.pdf"},{"source":"bse","report_date":2014,"link":"http://www.bseindia.com/bseplus/AnnualReport/534809/5348090314.pdf"},{"source":"nse","report_date":2013,"link":"http://nseindia.com/annual_reports/AR_1582_PCJEWELLER_2012_2013_11092013131938.zip"}],"announcement_set":[{"ann_date":"07 Apr 2018","announcement":"Compliance Certificate For The Half Year Ended March 31, 2018.","link":"https://www.bseindia.com/corporates/anndet_new.aspx?newsid=28500150-e7c1-43de-afbb-167739860b6d"},{"ann_date":"07 Apr 2018","announcement":"Statement Of Investor Complaints For The Quarter Ended March 2018","link":"https://www.bseindia.com/corporates/anndet_new.aspx?newsid=4179cba2-c3ce-4402-83ed-730ed0b60661"},{"ann_date":"05 Apr 2018","announcement":"Shareholding for the Period Ended March 31, 2018","link":"https://www.bseindia.com/corporates/anndet_new.aspx?newsid=da8ee94b-9a45-4e2c-83f6-001da6398994"},{"ann_date":"04 Apr 2018","announcement":"Intimation Of Opening New Showroom","link":"https://www.bseindia.com/corporates/anndet_new.aspx?newsid=c450789f-7632-40a3-9e74-a6520e3f9679"},{"ann_date":"21 Mar 2018","announcement":"Intimation Of Opening New Showrooms","link":"https://www.bseindia.com/corporates/anndet_new.aspx?newsid=38999760-cfc8-488d-a310-c0e3cdca01a4"}],"warehouse_set":{"high_price":600.65,"low_price":205.93,"sales_growth":22.04,"current_price":298.2,"dividend_yield":0.15,"face_value":10.0,"id":118426,"sales_growth_3years":15.0,"profit_growth_5years":13.17,"average_return_on_equity_3years":17.22,"book_value":96.76,"status":"Active","pair_url":"/company/PCJEWELLER/consolidated","sales_growth_10years":43.12,"average_return_on_equity_10years":22.29,"profit_growth":40.05,"market_capitalization":11759.67,"profit_growth_10years":47.53,"price_to_earning":21.03,"industry":"Other Apparels & Accessories","analysis":{"remarks":[],"bad":["Promoter's stake has decreased"],"good":[]},"result_type":"sa","profit_growth_3years":7.0,"sales_growth_5years":21.64,"return_on_equity":14.87,"average_return_on_equity_5years":19.72},"id":247383,"name":"PC Jeweller Ltd"}
