{"prime":"sa","number_set":{"balancesheet":[["Share Capital",{"2008-03-31":315.3,"2016-03-31":392.72,"2014-03-31":362.07,"2011-03-31":316.81,"2015-03-31":370.91,"2013-03-31":353.47,"2006-03-31":315.3,"2012-03-31":339.18,"2017-03-31":425.59,"2010-03-31":315.3,"2009-03-31":315.3,"2007-03-31":315.3}],["Reserves",{"2008-03-31":10467.35,"2016-03-31":35072.64,"2014-03-31":34125.07,"2011-03-31":19720.99,"2015-03-31":37321.06,"2013-03-31":30894.58,"2006-03-31":8758.68,"2012-03-31":26026.72,"2017-03-31":37670.86,"2010-03-31":15915.63,"2009-03-31":12824.59,"2007-03-31":9826.31}],["Borrowings",{"2008-03-31":171903.79,"2016-03-31":612806.37,"2014-03-31":499431.16,"2011-03-31":344488.42,"2015-03-31":547049.19,"2013-03-31":431180.98,"2006-03-31":126349.79,"2012-03-31":416852.75,"2017-03-31":662467.36,"2010-03-31":268592.17,"2009-03-31":222220.16,"2007-03-31":141808.53}],["Other Liabilities",{"2008-03-31":16362.33,"2016-03-31":19521.68,"2014-03-31":16829.98,"2011-03-31":13827.9,"2015-03-31":19002.26,"2013-03-31":16536.45,"2006-03-31":9926.02,"2012-03-31":15001.82,"2017-03-31":20259.22,"2010-03-31":11834.84,"2009-03-31":11579.59,"2007-03-31":10578.99}],["Total Liabilities",{"2008-03-31":199048.77,"2016-03-31":667793.41,"2014-03-31":550748.28,"2011-03-31":378354.12,"2015-03-31":603743.42,"2013-03-31":478965.48,"2006-03-31":145349.79,"2012-03-31":458220.47,"2017-03-31":720823.03,"2010-03-31":296657.94,"2009-03-31":246939.64,"2007-03-31":162529.13}],["Fixed Assets",{"2008-03-31":2315.52,"2016-03-31":5222.73,"2014-03-31":3419.74,"2011-03-31":3019.51,"2015-03-31":3551.48,"2013-03-31":3357.68,"2006-03-31":1030.23,"2012-03-31":3168.86,"2017-03-31":6273.25,"2010-03-31":2513.47,"2009-03-31":2397.11,"2007-03-31":1009.82}],["CWIP",{"2008-03-31":0.0,"2016-03-31":0.0,"2014-03-31":0.0,"2011-03-31":86.09,"2015-03-31":0.0,"2013-03-31":0.0,"2006-03-31":0.0,"2012-03-31":0.0,"2017-03-31":0.0,"2010-03-31":0.0,"2009-03-31":0.0,"2007-03-31":0.0}],["Investments",{"2008-03-31":53991.71,"2016-03-31":157845.89,"2014-03-31":143785.5,"2011-03-31":95162.35,"2015-03-31":149876.95,"2013-03-31":129896.19,"2006-03-31":41055.31,"2012-03-31":122703.02,"2017-03-31":186725.44,"2010-03-31":77724.47,"2009-03-31":63385.18,"2007-03-31":45189.84}],["Other Assets",{"2008-03-31":142741.54,"2016-03-31":504724.79,"2014-03-31":403543.04,"2011-03-31":280086.17,"2015-03-31":450314.99,"2013-03-31":345711.61,"2006-03-31":103264.25,"2012-03-31":332348.59,"2017-03-31":527824.34,"2010-03-31":216420.0,"2009-03-31":181157.35,"2007-03-31":116329.47}],["Total Assets",{"2008-03-31":199048.77,"2016-03-31":667793.41,"2014-03-31":550748.28,"2011-03-31":378354.12,"2015-03-31":603743.42,"2013-03-31":478965.48,"2006-03-31":145349.79,"2012-03-31":458220.47,"2017-03-31":720823.03,"2010-03-31":296657.94,"2009-03-31":246939.64,"2007-03-31":162529.13}]],"annual":[["Sales",{"2008-03-31":14265.02,"2016-03-31":47424.35,"2014-03-31":43223.25,"2011-03-31":26986.48,"2015-03-31":46315.36,"2013-03-31":41885.82,"2006-03-31":9584.15,"2012-03-31":36476.13,"2017-03-31":47275.99,"2010-03-31":21422.09,"2009-03-31":19326.16,"2007-03-31":11537.48}],["Expenses",{"2008-03-31":4069.03,"2016-03-31":26653.99,"2014-03-31":15679.78,"2011-03-31":8600.34,"2015-03-31":18118.82,"2013-03-31":12232.16,"2006-03-31":3719.75,"2012-03-31":10287.74,"2017-03-31":21507.97,"2010-03-31":5960.58,"2009-03-31":4996.07,"2007-03-31":4194.32}],["Operating Profit",{"2008-03-31":10195.99,"2016-03-31":20770.36,"2014-03-31":27543.47,"2011-03-31":18386.14,"2015-03-31":28196.54,"2013-03-31":29653.66,"2006-03-31":5864.4,"2012-03-31":26188.39,"2017-03-31":25768.02,"2010-03-31":15461.51,"2009-03-31":14330.09,"2007-03-31":7343.16}],["OPM",{"2008-03-31":71.48,"2016-03-31":43.8,"2014-03-31":63.72,"2011-03-31":68.13,"2015-03-31":60.88,"2013-03-31":70.8,"2006-03-31":61.19,"2012-03-31":71.8,"2017-03-31":54.51,"2010-03-31":72.18,"2009-03-31":74.15,"2007-03-31":63.65}],["Other Income",{"2008-03-31":1997.56,"2016-03-31":6000.05,"2014-03-31":4576.71,"2011-03-31":3612.58,"2015-03-31":5890.73,"2013-03-31":4223.43,"2006-03-31":1273.5,"2012-03-31":4202.6,"2017-03-31":8951.37,"2010-03-31":3610.13,"2009-03-31":2919.69,"2007-03-31":1042.3}],["Interest",{"2008-03-31":8730.86,"2016-03-31":32112.57,"2014-03-31":27077.28,"2011-03-31":15179.14,"2015-03-31":29759.79,"2013-03-31":27036.82,"2006-03-31":4917.39,"2012-03-31":23061.69,"2017-03-31":32282.82,"2010-03-31":12944.02,"2009-03-31":12295.3,"2007-03-31":6022.91}],["Depreciation",{"2008-03-31":170.23,"2016-03-31":395.73,"2014-03-31":352.39,"2011-03-31":255.85,"2015-03-31":370.23,"2013-03-31":318.5,"2006-03-31":186.64,"2012-03-31":292.26,"2017-03-31":425.04,"2010-03-31":222.83,"2009-03-31":191.06,"2007-03-31":194.8}],["Profit before tax",{"2008-03-31":3292.46,"2016-03-31":-5737.89,"2014-03-31":4690.51,"2011-03-31":6563.73,"2015-03-31":3957.25,"2013-03-31":6521.77,"2006-03-31":2033.87,"2012-03-31":7037.04,"2017-03-31":2011.54,"2010-03-31":5904.79,"2009-03-31":4763.42,"2007-03-31":2167.75}],["Tax",{"2008-03-31":1243.7,"2016-03-31":-1763.49,"2014-03-31":1347.94,"2011-03-31":2130.23,"2015-03-31":895.67,"2013-03-31":1774.09,"2006-03-31":594.56,"2012-03-31":2152.84,"2017-03-31":686.74,"2010-03-31":1999.43,"2009-03-31":1672.54,"2007-03-31":627.67}],["Net Profit",{"2008-03-31":2048.76,"2016-03-31":-3974.4,"2014-03-31":3342.57,"2011-03-31":4433.5,"2015-03-31":3061.58,"2013-03-31":4747.67,"2006-03-31":1439.31,"2012-03-31":4884.2,"2017-03-31":1324.8,"2010-03-31":3905.36,"2009-03-31":3090.88,"2007-03-31":1540.08}],["EPS (unadj)",{"2008-03-31":62.77,"2016-03-31":0.0,"2014-03-31":90.62,"2011-03-31":136.37,"2015-03-31":15.83,"2013-03-31":129.73,"2006-03-31":44.81,"2012-03-31":140.43,"2017-03-31":6.23,"2010-03-31":120.17,"2009-03-31":94.63,"2007-03-31":47.26}],["Dividend Payout",{"2008-03-31":20.01,"2016-03-31":-0.0,"2014-03-31":10.83,"2011-03-31":15.72,"2015-03-31":19.99,"2013-03-31":20.1,"2006-03-31":19.72,"2012-03-31":15.28,"2017-03-31":0.0,"2010-03-31":17.76,"2009-03-31":20.4,"2007-03-31":20.47}]],"cashflow":[["Cash from Operating Activity",{"2008-03-31":1756.12,"2016-03-31":17045.37,"2014-03-31":17729.12,"2011-03-31":8045.67,"2015-03-31":5618.67,"2013-03-31":-1886.71,"2006-03-31":14961.44,"2012-03-31":-811.22,"2017-03-31":12497.05,"2010-03-31":1835.99,"2009-03-31":2105.16,"2007-03-31":-10144.33}],["Cash from Investing Activity",{"2008-03-31":-444.46,"2016-03-31":-782.74,"2014-03-31":-634.4,"2011-03-31":-1083.66,"2015-03-31":-848.67,"2013-03-31":-650.85,"2006-03-31":-465.65,"2012-03-31":-492.34,"2017-03-31":-527.18,"2010-03-31":-409.41,"2009-03-31":-395.84,"2007-03-31":-159.41}],["Cash from Financing Activity",{"2008-03-31":1873.54,"2016-03-31":856.29,"2014-03-31":988.34,"2011-03-31":-744.36,"2015-03-31":5945.72,"2013-03-31":844.91,"2006-03-31":-793.13,"2012-03-31":440.38,"2017-03-31":738.69,"2010-03-31":633.84,"2009-03-31":873.1,"2007-03-31":1157.57}],["Net Cash Flow",{"2008-03-31":3185.2,"2016-03-31":17118.92,"2014-03-31":18083.06,"2011-03-31":6217.65,"2015-03-31":10715.72,"2013-03-31":-1692.65,"2006-03-31":13702.66,"2012-03-31":-863.18,"2017-03-31":12708.56,"2010-03-31":2060.42,"2009-03-31":2582.42,"2007-03-31":-9146.17}]],"quarters":[["Sales",{"2016-06-30":11574.94,"2016-12-31":11984.16,"2017-03-31":11886.53,"2017-06-30":12136.36,"2015-06-30":12034.69,"2015-03-31":11650.52,"2017-09-30":12299.29,"2015-12-31":12220.6,"2016-03-31":10824.03,"2017-12-31":12175.48,"2016-09-30":11830.36,"2015-09-30":12345.03}],["Expenses",{"2016-06-30":5063.23,"2016-12-31":5651.88,"2017-03-31":6308.04,"2017-06-30":5578.31,"2015-06-30":4179.11,"2015-03-31":6228.21,"2017-09-30":5082.91,"2015-12-31":6647.88,"2016-03-31":12477.25,"2017-12-31":7292.21,"2016-09-30":4909.85,"2015-09-30":4622.43}],["Operating Profit",{"2016-06-30":6511.71,"2016-12-31":6332.28,"2017-03-31":5578.49,"2017-06-30":6558.05,"2015-06-30":7855.58,"2015-03-31":5422.31,"2017-09-30":7216.38,"2015-12-31":5572.72,"2016-03-31":-1653.22,"2017-12-31":4883.27,"2016-09-30":6920.51,"2015-09-30":7722.6}],["OPM",{"2016-06-30":56.26,"2016-12-31":52.84,"2017-03-31":46.93,"2017-06-30":54.04,"2015-06-30":65.27,"2015-03-31":46.54,"2017-09-30":58.67,"2015-12-31":45.6,"2016-03-31":-15.27,"2017-12-31":40.11,"2016-09-30":58.5,"2015-09-30":62.56}],["Other Income",{"2016-06-30":1900.47,"2016-12-31":2139.82,"2017-03-31":3102.8,"2017-06-30":2331.78,"2015-06-30":1397.35,"2015-03-31":1805.13,"2017-09-30":1906.02,"2015-12-31":1670.6,"2016-03-31":2452.16,"2017-12-31":3082.02,"2016-09-30":1808.28,"2015-09-30":1356.9}],["Depreciation",{"2016-06-30":0.0,"2016-12-31":0.0,"2017-03-31":0.0,"2017-06-30":0.0,"2015-06-30":0.0,"2015-03-31":0.0,"2017-09-30":0.0,"2015-12-31":0.0,"2016-03-31":0.0,"2017-12-31":0.0,"2016-09-30":0.0,"2015-09-30":0.0}],["Interest",{"2016-06-30":7875.94,"2016-12-31":8253.36,"2017-03-31":8203.01,"2017-06-30":8281.23,"2015-06-30":7932.22,"2015-03-31":7858.94,"2017-09-30":8284.11,"2015-12-31":8100.97,"2016-03-31":8056.32,"2017-12-31":8186.78,"2016-09-30":7950.51,"2015-09-30":8023.06}],["Profit before tax",{"2016-06-30":536.24,"2016-12-31":218.74,"2017-03-31":478.28,"2017-06-30":608.6,"2015-06-30":1320.71,"2015-03-31":-631.5,"2017-09-30":838.29,"2015-12-31":-857.65,"2016-03-31":-7257.38,"2017-12-31":-221.49,"2016-09-30":778.28,"2015-09-30":1056.44}],["Tax",{"2016-06-30":229.88,"2016-12-31":11.56,"2017-03-31":216.38,"2017-06-30":265.2,"2015-06-30":600.0,"2015-03-31":-938.06,"2017-09-30":277.71,"2015-12-31":-908.66,"2016-03-31":-1890.24,"2017-12-31":-451.6,"2016-09-30":228.92,"2015-09-30":435.41}],["Net Profit",{"2016-06-30":306.36,"2016-12-31":207.18,"2017-03-31":261.9,"2017-06-30":343.4,"2015-06-30":720.71,"2015-03-31":306.56,"2017-09-30":560.58,"2015-12-31":51.01,"2016-03-31":-5367.14,"2017-12-31":230.11,"2016-09-30":549.36,"2015-09-30":621.03}]]},"bse_code":"532461","short_name":"Punjab Natl.Bank","nse_code":"PNB","companyrating_set":[{"rating__rating":"CGR 2","instrument":"Corporate Governance Rating","rating__source":"care","link":"http://google.com/search?btnI=1&q=Punjab National Bank+site:careratings.com"},{"rating__rating":"[ICRA]AAA (stable)","instrument":"Financial Sector Rating-Long Term","rating__source":"icra","link":"http://icra.in/search.aspx?word=Punjab National Bank"},{"rating__rating":"[ICRA]AAA(hyb)(sta ble)","instrument":"Financial Sector Rating-Long Term","rating__source":"icra","link":"http://icra.in/search.aspx?word=Punjab National Bank"},{"rating__rating":"MAAA(stable)","instrument":"Financial Sector Rating-Medium Term","rating__source":"icra","link":"http://icra.in/search.aspx?word=Punjab National Bank"},{"rating__rating":"[ICRA]A1+","instrument":"Financial Sector Rating-Short Term","rating__source":"icra","link":"http://icra.in/search.aspx?word=Punjab National Bank"},{"rating__rating":"CRISIL AAA(Stable)","instrument":"Infrastructure Bonds","rating__source":"crisil","link":"http://www.crisil.com/ratings/company-wise-ratings.jsp?txtSearch=Punjab National Bank"},{"rating__rating":"BWR AAA(Stable)","instrument":"Innovative Perpetual Debt Instrument 700 Crore","rating__source":"brickworks","link":"http://google.com/search?btnI=1&q=Punjab National Bank+site:brickworkratings.com"},{"rating__rating":"IND AAA(Stable)","instrument":"Long Term Rating","rating__source":"fitch","link":"http://www.indiaratings.co.in/search/search.jsp?q=Punjab National Bank"},{"rating__rating":"CRISIL AAA(Stable)","instrument":"Lower Tier-II Bonds (under Basel II)(LT)","rating__source":"crisil","link":"http://www.crisil.com/ratings/company-wise-ratings.jsp?txtSearch=Punjab National Bank"},{"rating__rating":"CARE AA+","instrument":"LT InstrumentsBonds","rating__source":"care","link":"http://google.com/search?btnI=1&q=Punjab National Bank+site:careratings.com"},{"rating__rating":"CARE AAA","instrument":"LT InstrumentsBonds","rating__source":"care","link":"http://google.com/search?btnI=1&q=Punjab National Bank+site:careratings.com"},{"rating__rating":"CRISIL AAA(Stable)","instrument":"Perpetual Tier-I Bonds (under Basel II)(LT)","rating__source":"crisil","link":"http://www.crisil.com/ratings/company-wise-ratings.jsp?txtSearch=Punjab National Bank"},{"rating__rating":"IND A1+(Stable)","instrument":"Short Term","rating__source":"fitch","link":"http://www.indiaratings.co.in/search/search.jsp?q=Punjab National Bank"},{"rating__rating":"CARE A1+","instrument":"ST InstrumentsCertificate Of Deposit","rating__source":"care","link":"http://google.com/search?btnI=1&q=Punjab National Bank+site:careratings.com"},{"rating__rating":"CRISIL AAA(Stable)","instrument":"Tier II Bonds (Under Basel III)","rating__source":"crisil","link":"http://www.crisil.com/ratings/company-wise-ratings.jsp?txtSearch=Punjab National Bank"},{"rating__rating":"CRISIL AAA(Stable)","instrument":"Upper Tier-II Bonds (under Basel II)(LT)","rating__source":"crisil","link":"http://www.crisil.com/ratings/company-wise-ratings.jsp?txtSearch=Punjab National Bank"}],"annualreport_set":[{"source":"bse","report_date":2017,"link":"http://www.bseindia.com/bseplus/AnnualReport/532461/5324610317.pdf"},{"source":"bse","report_date":2016,"link":"http://www.bseindia.com/bseplus/AnnualReport/532461/5324610316.pdf"},{"source":"bse","report_date":2015,"link":"http://www.bseindia.com/bseplus/AnnualReport/532461/5324610315.pdf"},{"source":"bse","report_date":2014,"link":"http://www.bseindia.com/bseplus/AnnualReport/532461/5324610314.pdf"},{"source":"bse","report_date":2013,"link":"http://www.bseindia.com/bseplus/annualreport/532461/5324610313.pdf"},{"source":"nse","report_date":2012,"link":"http://nseindia.com/annual_reports/AR_PNB_2011_2012_29062012100845.zip"},{"source":"bse","report_date":2011,"link":"http://www.bseindia.com/bseplus/annualreport/532461/5324610311.pdf"},{"source":"nse","report_date":2011,"link":"http://nseindia.com/annual_reports/AR_PNB_2010_2011_15072011102026.zip"},{"source":"bse","report_date":2010,"link":"http://www.bseindia.com/bseplus/annualreport/532461/5324610310.pdf"},{"source":"nse","report_date":2010,"link":"http://nseindia.com/annual_reports/AR_PNB_2009_2010_20082010120000.zip"},{"source":"nse","report_date":2007,"link":"http://nseindia.com/annual_reports/AR_PNB_2006_2007_14082009102043.zip"}],"announcement_set":[{"ann_date":"04 Apr 2018","announcement":"Statement Of Investor Complaints For The Quarter Ended March 2018","link":"https://www.bseindia.com/corporates/anndet_new.aspx?newsid=f8527c19-ea9a-4e1c-accd-3359e74feb6e"},{"ann_date":"03 Apr 2018","announcement":"Announcement under Regulation 30 (LODR)-Acquisition","link":"https://www.bseindia.com/corporates/anndet_new.aspx?newsid=8a145a8d-c585-4c96-a195-4a9418f61787"},{"ann_date":"17 Mar 2018","announcement":"Announcement under Regulation 30 (LODR)-Newspaper Publication","link":"https://www.bseindia.com/corporates/anndet_new.aspx?newsid=0f138d78-8135-48e2-9fa3-3c47ec6403ef"},{"ann_date":"16 Mar 2018","announcement":"EGM Held On 16.03.2018","link":"https://www.bseindia.com/corporates/anndet_new.aspx?newsid=31788183-4dee-4bd3-ab1f-dcdf27e3e352"},{"ann_date":"15 Mar 2018","announcement":"Clarification sought from Punjab National Bank","link":"https://www.bseindia.com/corporates/anndet_new.aspx?newsid=ea8d830c-8692-4bde-984a-6c8e0e2019c6"}],"warehouse_set":{"high_price":231.45,"low_price":91.25,"sales_growth":4.94,"current_price":102.15,"dividend_yield":0.0,"face_value":2.0,"id":1773,"sales_growth_3years":3.03,"profit_growth_5years":-23.02,"average_return_on_equity_3years":0.63,"book_value":161.74,"status":"Active","pair_url":"/company/PNB/consolidated","sales_growth_10years":14.24,"average_return_on_equity_10years":10.98,"profit_growth":132.43,"market_capitalization":24777.37,"profit_growth_10years":-4.77,"price_to_earning":17.75,"industry":"Banks","analysis":{"remarks":[],"bad":["Company has low interest coverage ratio.","Promoter's stake has decreased","The company has delivered a poor growth of 5.32% over past five years.","Company has a low return on equity of 0.63% for last 3 years.","Contingent liabilities of Rs.358610.46 Cr.","Company might be capitalizing the interest cost","Earnings include an other income of Rs.10422.62 Cr.","Dividend payout has been low at 7.32% of profits over last 3 years"],"good":["Stock is trading at 0.63 times its book value"]},"result_type":"sa","profit_growth_3years":-26.62,"sales_growth_5years":5.32,"return_on_equity":3.59,"average_return_on_equity_5years":5.29},"id":2600,"name":"Punjab National Bank"}
