{"prime":"sa","number_set":{"balancesheet":[["Share Capital",{"2008-03-31":4208.84,"2016-03-31":5231.59,"2014-03-31":5231.59,"2011-03-31":4629.73,"2015-03-31":5231.59,"2013-03-31":4629.73,"2006-03-31":3584.63,"2012-03-31":4629.73,"2017-03-31":5231.59,"2010-03-31":4208.84,"2009-03-31":4208.84,"2007-03-31":3787.41}],["Reserves",{"2008-03-31":9545.33,"2016-03-31":38579.64,"2014-03-31":29228.04,"2011-03-31":16737.27,"2015-03-31":32935.0,"2013-03-31":21609.74,"2006-03-31":6378.55,"2012-03-31":18858.05,"2017-03-31":44575.66,"2010-03-31":11931.88,"2009-03-31":10640.1,"2007-03-31":7138.66}],["Borrowings",{"2008-03-31":22263.48,"2016-03-31":108254.91,"2014-03-31":83169.85,"2011-03-31":40882.77,"2015-03-31":95044.55,"2013-03-31":68187.87,"2006-03-31":15026.13,"2012-03-31":53401.91,"2017-03-31":118697.91,"2010-03-31":34416.79,"2009-03-31":28465.43,"2007-03-31":19325.5}],["Other Liabilities",{"2008-03-31":7238.78,"2016-03-31":32596.5,"2014-03-31":25458.04,"2011-03-31":18333.13,"2015-03-31":29417.49,"2013-03-31":20235.25,"2006-03-31":4830.24,"2012-03-31":16777.71,"2017-03-31":35012.76,"2010-03-31":13061.99,"2009-03-31":11041.55,"2007-03-31":6507.82}],["Total Liabilities",{"2008-03-31":43256.43,"2016-03-31":184662.64,"2014-03-31":143087.52,"2011-03-31":80582.9,"2015-03-31":162628.63,"2013-03-31":114662.59,"2006-03-31":29819.55,"2012-03-31":93667.4,"2017-03-31":203517.92,"2010-03-31":63619.5,"2009-03-31":54355.92,"2007-03-31":36759.39}],["Fixed Assets",{"2008-03-31":27355.2,"2016-03-31":114942.3,"2014-03-31":73154.07,"2011-03-31":37223.98,"2015-03-31":89686.21,"2013-03-31":61400.64,"2006-03-31":18516.24,"2012-03-31":47662.3,"2017-03-31":135507.96,"2010-03-31":32061.26,"2009-03-31":31128.44,"2007-03-31":21816.07}],["CWIP",{"2008-03-31":8758.09,"2016-03-31":43795.15,"2014-03-31":49476.71,"2011-03-31":23712.93,"2015-03-31":52924.15,"2013-03-31":34823.54,"2006-03-31":6400.86,"2012-03-31":28183.54,"2017-03-31":35884.13,"2010-03-31":20422.18,"2009-03-31":13286.0,"2007-03-31":9440.39}],["Investments",{"2008-03-31":1736.22,"2016-03-31":841.11,"2014-03-31":998.68,"2011-03-31":1398.35,"2015-03-31":926.42,"2013-03-31":1147.5,"2006-03-31":2139.41,"2012-03-31":1284.45,"2017-03-31":1358.08,"2010-03-31":1453.22,"2009-03-31":1592.83,"2007-03-31":1967.0}],["Other Assets",{"2008-03-31":5406.92,"2016-03-31":25084.08,"2014-03-31":19458.06,"2011-03-31":18247.64,"2015-03-31":19091.85,"2013-03-31":17290.91,"2006-03-31":2763.04,"2012-03-31":16537.11,"2017-03-31":30767.75,"2010-03-31":9682.84,"2009-03-31":8348.65,"2007-03-31":3535.93}],["Total Assets",{"2008-03-31":43256.43,"2016-03-31":184662.64,"2014-03-31":143087.52,"2011-03-31":80582.9,"2015-03-31":162628.63,"2013-03-31":114662.59,"2006-03-31":29819.55,"2012-03-31":93667.4,"2017-03-31":203517.92,"2010-03-31":63619.5,"2009-03-31":54355.92,"2007-03-31":36759.39}]],"annual":[["Sales",{"2008-03-31":4614.82,"2016-03-31":20665.81,"2014-03-31":15230.28,"2011-03-31":8388.7,"2015-03-31":17177.23,"2013-03-31":12757.85,"2006-03-31":3145.34,"2012-03-31":10164.27,"2017-03-31":25716.54,"2010-03-31":7125.45,"2009-03-31":6579.81,"2007-03-31":3589.85}],["Expenses",{"2008-03-31":1298.72,"2016-03-31":2895.67,"2014-03-31":2896.89,"2011-03-31":1815.22,"2015-03-31":3228.4,"2013-03-31":2377.59,"2006-03-31":850.04,"2012-03-31":2106.67,"2017-03-31":3649.47,"2010-03-31":1643.07,"2009-03-31":2397.22,"2007-03-31":864.81}],["Operating Profit",{"2008-03-31":3316.1,"2016-03-31":17770.14,"2014-03-31":12333.39,"2011-03-31":6573.48,"2015-03-31":13948.83,"2013-03-31":10380.26,"2006-03-31":2295.3,"2012-03-31":8057.6,"2017-03-31":22067.07,"2010-03-31":5482.38,"2009-03-31":4182.59,"2007-03-31":2725.04}],["OPM",{"2008-03-31":71.86,"2016-03-31":85.99,"2014-03-31":80.98,"2011-03-31":78.36,"2015-03-31":81.21,"2013-03-31":81.36,"2006-03-31":72.97,"2012-03-31":79.27,"2017-03-31":85.81,"2010-03-31":76.94,"2009-03-31":63.57,"2007-03-31":75.91}],["Other Income",{"2008-03-31":493.08,"2016-03-31":649.66,"2014-03-31":792.93,"2011-03-31":873.32,"2015-03-31":841.9,"2013-03-31":973.53,"2006-03-31":483.64,"2012-03-31":875.31,"2017-03-31":1052.05,"2010-03-31":496.96,"2009-03-31":505.45,"2007-03-31":547.68}],["Interest",{"2008-03-31":1339.55,"2016-03-31":5134.93,"2014-03-31":3167.52,"2011-03-31":1625.44,"2015-03-31":3979.32,"2013-03-31":2535.22,"2006-03-31":947.45,"2012-03-31":1943.26,"2017-03-31":6303.83,"2010-03-31":1543.24,"2009-03-31":1642.27,"2007-03-31":1140.42}],["Depreciation",{"2008-03-31":965.01,"2016-03-31":6179.8,"2014-03-31":3995.68,"2011-03-31":2199.39,"2015-03-31":5085.41,"2013-03-31":3351.92,"2006-03-31":744.33,"2012-03-31":2572.54,"2017-03-31":7662.8,"2010-03-31":1979.69,"2009-03-31":1093.97,"2007-03-31":834.03}],["Profit before tax",{"2008-03-31":1730.53,"2016-03-31":7540.51,"2014-03-31":6263.75,"2011-03-31":3824.73,"2015-03-31":6289.38,"2013-03-31":5644.86,"2006-03-31":1168.99,"2012-03-31":4597.6,"2017-03-31":9569.76,"2010-03-31":2626.32,"2009-03-31":2228.57,"2007-03-31":1482.0}],["Tax",{"2008-03-31":282.06,"2016-03-31":1592.01,"2014-03-31":1766.33,"2011-03-31":1127.84,"2015-03-31":1310.21,"2013-03-31":1410.36,"2006-03-31":160.06,"2012-03-31":1342.65,"2017-03-31":2049.61,"2010-03-31":585.38,"2009-03-31":537.96,"2007-03-31":252.63}],["Net Profit",{"2008-03-31":1448.47,"2016-03-31":5948.5,"2014-03-31":4497.42,"2011-03-31":2696.89,"2015-03-31":4979.17,"2013-03-31":4234.5,"2006-03-31":1008.93,"2012-03-31":3254.95,"2017-03-31":7520.15,"2010-03-31":2040.94,"2009-03-31":1690.61,"2007-03-31":1229.37}],["EPS (unadj)",{"2008-03-31":3.24,"2016-03-31":10.95,"2014-03-31":8.16,"2011-03-31":5.54,"2015-03-31":9.12,"2013-03-31":8.7,"2006-03-31":269.62,"2012-03-31":6.69,"2017-03-31":13.87,"2010-03-31":4.6,"2009-03-31":3.81,"2007-03-31":3.09}],["Dividend Payout",{"2008-03-31":34.87,"2016-03-31":20.32,"2014-03-31":30.01,"2011-03-31":30.04,"2015-03-31":21.01,"2013-03-31":30.07,"2006-03-31":29.99,"2012-03-31":30.01,"2017-03-31":30.26,"2010-03-31":30.93,"2009-03-31":29.87,"2007-03-31":30.01}]],"cashflow":[["Cash from Operating Activity",{"2008-03-31":2990.83,"2016-03-31":15119.76,"2014-03-31":15399.44,"2011-03-31":5564.99,"2015-03-31":15041.77,"2013-03-31":11283.79,"2006-03-31":3686.8,"2012-03-31":6402.53,"2017-03-31":21344.96,"2010-03-31":6619.17,"2009-03-31":6590.64,"2007-03-31":4345.77}],["Cash from Investing Activity",{"2008-03-31":-5343.31,"2016-03-31":-20904.41,"2014-03-31":-26517.74,"2011-03-31":-13128.33,"2015-03-31":-23843.45,"2013-03-31":-21948.45,"2006-03-31":-4602.82,"2012-03-31":-15834.33,"2017-03-31":-23527.7,"2010-03-31":-9660.86,"2009-03-31":-9156.75,"2007-03-31":-6735.76}],["Cash from Financing Activity",{"2008-03-31":3021.25,"2016-03-31":5272.7,"2014-03-31":13873.85,"2011-03-31":7965.76,"2015-03-31":6447.14,"2013-03-31":9989.75,"2006-03-31":901.1,"2012-03-31":8088.62,"2017-03-31":3870.53,"2010-03-31":3890.45,"2009-03-31":3129.4,"2007-03-31":2997.76}],["Net Cash Flow",{"2008-03-31":668.77,"2016-03-31":-511.95,"2014-03-31":2755.55,"2011-03-31":402.42,"2015-03-31":-2354.54,"2013-03-31":-674.91,"2006-03-31":-14.92,"2012-03-31":-1343.18,"2017-03-31":1687.79,"2010-03-31":848.76,"2009-03-31":563.29,"2007-03-31":607.77}]],"quarters":[["Sales",{"2016-06-30":6119.86,"2016-12-31":6629.76,"2017-03-31":6712.04,"2017-06-30":7181.35,"2015-06-30":4689.88,"2015-03-31":4703.22,"2017-09-30":7252.84,"2015-12-31":5369.49,"2016-03-31":5740.51,"2017-12-31":7506.95,"2016-09-30":6254.88,"2015-09-30":4865.93}],["Expenses",{"2016-06-30":700.63,"2016-12-31":678.93,"2017-03-31":1093.5,"2017-06-30":980.98,"2015-06-30":555.34,"2015-03-31":644.77,"2017-09-30":777.96,"2015-12-31":582.71,"2016-03-31":691.87,"2017-12-31":870.54,"2016-09-30":654.92,"2015-09-30":564.1}],["Operating Profit",{"2016-06-30":5419.23,"2016-12-31":5950.83,"2017-03-31":5618.54,"2017-06-30":6200.37,"2015-06-30":4134.54,"2015-03-31":4058.45,"2017-09-30":6474.88,"2015-12-31":4786.78,"2016-03-31":5048.64,"2017-12-31":6636.41,"2016-09-30":5599.96,"2015-09-30":4301.83}],["OPM",{"2016-06-30":88.55,"2016-12-31":89.76,"2017-03-31":83.71,"2017-06-30":86.34,"2015-06-30":88.16,"2015-03-31":86.29,"2017-09-30":89.27,"2015-12-31":89.15,"2016-03-31":87.95,"2017-12-31":88.4,"2016-09-30":89.53,"2015-09-30":88.41}],["Other Income",{"2016-06-30":139.44,"2016-12-31":157.75,"2017-03-31":425.32,"2017-06-30":278.0,"2015-06-30":102.5,"2015-03-31":206.34,"2017-09-30":320.77,"2015-12-31":106.88,"2016-03-31":243.98,"2017-12-31":278.09,"2016-09-30":225.32,"2015-09-30":130.09}],["Depreciation",{"2016-06-30":1757.27,"2016-12-31":1965.34,"2017-03-31":2063.33,"2017-06-30":2131.14,"2015-06-30":1377.9,"2015-03-31":1418.06,"2017-09-30":2235.01,"2015-12-31":1585.01,"2016-03-31":1769.05,"2017-12-31":2318.6,"2016-09-30":1876.86,"2015-09-30":1447.84}],["Interest",{"2016-06-30":1517.77,"2016-12-31":1642.62,"2017-03-31":1555.84,"2017-06-30":1762.42,"2015-06-30":1141.61,"2015-03-31":1037.62,"2017-09-30":1867.28,"2015-12-31":1288.44,"2016-03-31":1519.53,"2017-12-31":1955.45,"2016-09-30":1587.6,"2015-09-30":1185.35}],["Profit before tax",{"2016-06-30":2283.63,"2016-12-31":2500.62,"2017-03-31":2424.69,"2017-06-30":2584.81,"2015-06-30":1717.53,"2015-03-31":1809.11,"2017-09-30":2693.36,"2015-12-31":2020.21,"2016-03-31":2004.04,"2017-12-31":2640.45,"2016-09-30":2360.82,"2015-09-30":1798.73}],["Tax",{"2016-06-30":481.86,"2016-12-31":570.6,"2017-03-31":508.33,"2017-06-30":532.4,"2015-06-30":361.89,"2015-03-31":396.63,"2017-09-30":552.32,"2015-12-31":413.96,"2016-03-31":435.46,"2017-12-31":599.62,"2016-09-30":488.82,"2015-09-30":380.7}],["Net Profit",{"2016-06-30":1801.77,"2016-12-31":1930.02,"2017-03-31":1916.36,"2017-06-30":2052.41,"2015-06-30":1355.64,"2015-03-31":1412.48,"2017-09-30":2141.04,"2015-12-31":1606.25,"2016-03-31":1568.58,"2017-12-31":2040.83,"2016-09-30":1872.0,"2015-09-30":1418.03}]]},"bse_code":"532898","short_name":"Power Grid Corpn","nse_code":"POWERGRID","companyrating_set":[{"rating__rating":"CARE AAA","instrument":"Bank FacilitiesFund Based - LT","rating__source":"care","link":"http://google.com/search?btnI=1&q=Power Grid Corporation of India Ltd+site:careratings.com"},{"rating__rating":"CARE A1+","instrument":"Bank FacilitiesFund Based - ST","rating__source":"care","link":"http://google.com/search?btnI=1&q=Power Grid Corporation of India Ltd+site:careratings.com"},{"rating__rating":"CARE A1+","instrument":"Bank FacilitiesNon-Fund Based - ST","rating__source":"care","link":"http://google.com/search?btnI=1&q=Power Grid Corporation of India Ltd+site:careratings.com"},{"rating__rating":"CARE AAA","instrument":"Bank FacilitiesTerm Loan","rating__source":"care","link":"http://google.com/search?btnI=1&q=Power Grid Corporation of India Ltd+site:careratings.com"},{"rating__rating":"CRISIL A1+","instrument":"Bank Guarantee limit","rating__source":"crisil","link":"http://www.crisil.com/ratings/company-wise-ratings.jsp?txtSearch=Power Grid Corporation of India Ltd"},{"rating__rating":"[ICRA]AAA (stable)","instrument":"Bank Loan Rating-Long Term","rating__source":"icra","link":"http://icra.in/search.aspx?word=Power Grid Corporation of India Ltd"},{"rating__rating":"[ICRA]A1+","instrument":"Bank Loan Rating-Short Term","rating__source":"icra","link":"http://icra.in/search.aspx?word=Power Grid Corporation of India Ltd"},{"rating__rating":"CRISIL AAA(Stable)","instrument":"Bond","rating__source":"crisil","link":"http://www.crisil.com/ratings/company-wise-ratings.jsp?txtSearch=Power Grid Corporation of India Ltd"},{"rating__rating":"CRISIL AAA(Stable)","instrument":"Cash Credit Limit","rating__source":"crisil","link":"http://www.crisil.com/ratings/company-wise-ratings.jsp?txtSearch=Power Grid Corporation of India Ltd"},{"rating__rating":"[ICRA]AAA (stable)","instrument":"Infrastructure Sector Rating-Long Term","rating__source":"icra","link":"http://icra.in/search.aspx?word=Power Grid Corporation of India Ltd"},{"rating__rating":"[ICRA]A1+","instrument":"Infrastructure Sector Rating-Short Term","rating__source":"icra","link":"http://icra.in/search.aspx?word=Power Grid Corporation of India Ltd"},{"rating__rating":"CRISIL A1+","instrument":"Letter of Credit Limit","rating__source":"crisil","link":"http://www.crisil.com/ratings/company-wise-ratings.jsp?txtSearch=Power Grid Corporation of India Ltd"},{"rating__rating":"CRISIL AAA(Stable)","instrument":"Long-Term Borrowing Programme","rating__source":"crisil","link":"http://www.crisil.com/ratings/company-wise-ratings.jsp?txtSearch=Power Grid Corporation of India Ltd"},{"rating__rating":"CARE AAA","instrument":"LT InstrumentsBonds","rating__source":"care","link":"http://google.com/search?btnI=1&q=Power Grid Corporation of India Ltd+site:careratings.com"},{"rating__rating":"CARE AAA","instrument":"LT InstrumentsBorrowings","rating__source":"care","link":"http://google.com/search?btnI=1&q=Power Grid Corporation of India Ltd+site:careratings.com"},{"rating__rating":"CRISIL A1+","instrument":"Short Term Debt","rating__source":"crisil","link":"http://www.crisil.com/ratings/company-wise-ratings.jsp?txtSearch=Power Grid Corporation of India Ltd"},{"rating__rating":"CARE A1+","instrument":"ST InstrumentsST Instruments","rating__source":"care","link":"http://google.com/search?btnI=1&q=Power Grid Corporation of India Ltd+site:careratings.com"}],"annualreport_set":[{"source":"bse","report_date":2017,"link":"http://www.bseindia.com/bseplus/AnnualReport/532898/5328980317.pdf"},{"source":"bse","report_date":2016,"link":"http://www.bseindia.com/bseplus/AnnualReport/532898/5328980316.pdf"},{"source":"bse","report_date":2015,"link":"http://www.bseindia.com/bseplus/AnnualReport/532898/5328980315.pdf"},{"source":"bse","report_date":2014,"link":"http://www.bseindia.com/bseplus/AnnualReport/532898/5328980314.pdf"},{"source":"bse","report_date":2013,"link":"http://www.bseindia.com/bseplus/annualreport/532898/5328980313.pdf"},{"source":"bse","report_date":2012,"link":"http://www.bseindia.com/bseplus/annualreport/532898/5328980312.PDF"},{"source":"bse","report_date":2011,"link":"http://www.bseindia.com/bseplus/annualreport/532898/5328980311.pdf"},{"source":"nse","report_date":2011,"link":"http://nseindia.com/annual_reports/AR_POWERGRID_2010_2011_10092011114343.zip"},{"source":"bse","report_date":2010,"link":"http://www.bseindia.com/bseplus/annualreport/532898/5328980310.pdf"},{"source":"nse","report_date":2010,"link":"http://nseindia.com/annual_reports/AR_POWERGRID_2009_2010_09092010120000.zip"}],"announcement_set":[{"ann_date":"02 Apr 2018","announcement":"Payment of Interest & Redemption Amount (Principal)","link":"https://www.bseindia.com/corporates/anndet_new.aspx?newsid=98e6365e-33ce-4785-a876-e14a647ba97d"},{"ann_date":"28 Mar 2018","announcement":"Payment of Interest and Redemption Amount (Principal)","link":"https://www.bseindia.com/corporates/anndet_new.aspx?newsid=fca8795e-7d78-4286-829f-c0d8bd0362f7"},{"ann_date":"28 Mar 2018","announcement":"Announcement under Regulation 30 (LODR)-Acquisition","link":"https://www.bseindia.com/corporates/anndet_new.aspx?newsid=540b228d-6b9c-431d-8ece-d6efd4751548"},{"ann_date":"27 Mar 2018","announcement":"Clarification on Financial Result for Quarter ended December 2017 (Segment)","link":"https://www.bseindia.com/corporates/anndet_new.aspx?newsid=b44bed73-76c8-4d99-97ea-b110d555fa14"},{"ann_date":"26 Mar 2018","announcement":"Payment of Interest and Redemption Amount (Principal)","link":"https://www.bseindia.com/corporates/anndet_new.aspx?newsid=86b638d4-8d72-4a55-8fa7-2ec95c52a6f5"}],"warehouse_set":{"high_price":226.6,"low_price":189.0,"sales_growth":15.79,"current_price":195.95,"dividend_yield":2.22,"face_value":10.0,"id":2617,"sales_growth_3years":19.08,"profit_growth_5years":18.1,"average_return_on_equity_3years":14.86,"book_value":107.12,"status":"Active","pair_url":"/company/POWERGRID/consolidated","sales_growth_10years":21.03,"average_return_on_equity_10years":14.42,"profit_growth":13.64,"market_capitalization":102513.01,"profit_growth_10years":18.67,"price_to_earning":12.58,"industry":"Electric Utilities","analysis":{"remarks":[],"bad":["Company might be capitalizing the interest cost"],"good":["Company has been maintaining a healthy dividend payout of 24.56%"]},"result_type":"sa","profit_growth_3years":18.32,"sales_growth_5years":20.4,"return_on_equity":15.98,"average_return_on_equity_5years":15.15},"id":2523,"name":"Power Grid Corporation of India Ltd"}
