{"prime":"con","number_set":{"balancesheet":[["Share Capital",{"2008-03-31":12.5,"2016-03-31":375.0,"2014-03-31":350.0,"2011-03-31":328.07,"2015-03-31":375.0,"2013-03-31":350.0,"2006-03-31":12.5,"2012-03-31":328.07,"2017-03-31":375.0,"2010-03-31":262.5,"2009-03-31":12.5,"2007-03-31":12.5}],["Reserves",{"2008-03-31":370.47,"2016-03-31":3779.0,"2014-03-31":2621.07,"2011-03-31":1715.66,"2015-03-31":3519.51,"2013-03-31":2358.4,"2006-03-31":79.69,"2012-03-31":1798.95,"2017-03-31":4367.8,"2010-03-31":365.12,"2009-03-31":475.5,"2007-03-31":121.25}],["Borrowings",{"2008-03-31":731.5,"2016-03-31":3618.1,"2014-03-31":1809.59,"2011-03-31":999.33,"2015-03-31":2365.9,"2013-03-31":1559.07,"2006-03-31":249.27,"2012-03-31":1172.47,"2017-03-31":3273.4,"2010-03-31":1265.91,"2009-03-31":884.41,"2007-03-31":541.07}],["Other Liabilities",{"2008-03-31":1272.01,"2016-03-31":3998.7,"2014-03-31":2010.71,"2011-03-31":1109.45,"2015-03-31":2347.96,"2013-03-31":1721.75,"2006-03-31":880.14,"2012-03-31":1404.01,"2017-03-31":4333.2,"2010-03-31":955.54,"2009-03-31":1203.62,"2007-03-31":1377.08}],["Total Liabilities",{"2008-03-31":2386.48,"2016-03-31":11770.8,"2014-03-31":6791.37,"2011-03-31":4152.51,"2015-03-31":8608.37,"2013-03-31":5989.22,"2006-03-31":1221.6,"2012-03-31":4703.5,"2017-03-31":12349.4,"2010-03-31":2849.07,"2009-03-31":2576.03,"2007-03-31":2051.9}],["Fixed Assets",{"2008-03-31":202.88,"2016-03-31":150.7,"2014-03-31":431.21,"2011-03-31":422.92,"2015-03-31":529.05,"2013-03-31":423.47,"2006-03-31":164.05,"2012-03-31":428.88,"2017-03-31":127.2,"2010-03-31":445.8,"2009-03-31":409.46,"2007-03-31":164.6}],["CWIP",{"2008-03-31":240.87,"2016-03-31":376.6,"2014-03-31":224.1,"2011-03-31":101.17,"2015-03-31":281.26,"2013-03-31":160.09,"2006-03-31":35.7,"2012-03-31":126.35,"2017-03-31":175.6,"2010-03-31":57.16,"2009-03-31":49.11,"2007-03-31":50.12}],["Investments",{"2008-03-31":496.64,"2016-03-31":1797.8,"2014-03-31":1202.27,"2011-03-31":710.29,"2015-03-31":1234.42,"2013-03-31":1074.54,"2006-03-31":99.39,"2012-03-31":728.76,"2017-03-31":774.2,"2010-03-31":517.7,"2009-03-31":458.09,"2007-03-31":252.35}],["Other Assets",{"2008-03-31":1446.09,"2016-03-31":9445.7,"2014-03-31":4933.79,"2011-03-31":2918.13,"2015-03-31":6563.64,"2013-03-31":4331.12,"2006-03-31":922.46,"2012-03-31":3419.51,"2017-03-31":11272.4,"2010-03-31":1828.41,"2009-03-31":1659.37,"2007-03-31":1584.83}],["Total Assets",{"2008-03-31":2386.48,"2016-03-31":11770.8,"2014-03-31":6791.37,"2011-03-31":4152.51,"2015-03-31":8608.37,"2013-03-31":5989.22,"2006-03-31":1221.6,"2012-03-31":4703.5,"2017-03-31":12349.4,"2010-03-31":2849.07,"2009-03-31":2576.03,"2007-03-31":2051.9}]],"annual":[["Sales",{"2008-03-31":953.49,"2016-03-31":3261.3,"2014-03-31":2005.19,"2011-03-31":1385.0,"2015-03-31":2449.62,"2013-03-31":1512.37,"2006-03-31":452.09,"2012-03-31":745.47,"2017-03-31":2180.3,"2010-03-31":949.67,"2009-03-31":871.76,"2007-03-31":420.3}],["Expenses",{"2008-03-31":820.24,"2016-03-31":2683.7,"2014-03-31":1502.64,"2011-03-31":1061.21,"2015-03-31":1752.02,"2013-03-31":1095.02,"2006-03-31":398.83,"2012-03-31":508.58,"2017-03-31":1732.6,"2010-03-31":731.41,"2009-03-31":623.89,"2007-03-31":332.5}],["Operating Profit",{"2008-03-31":133.25,"2016-03-31":577.6,"2014-03-31":502.55,"2011-03-31":323.79,"2015-03-31":697.6,"2013-03-31":417.35,"2006-03-31":53.26,"2012-03-31":236.89,"2017-03-31":447.7,"2010-03-31":218.26,"2009-03-31":247.87,"2007-03-31":87.8}],["OPM",{"2008-03-31":13.97,"2016-03-31":17.71,"2014-03-31":25.06,"2011-03-31":23.38,"2015-03-31":28.48,"2013-03-31":27.6,"2006-03-31":11.78,"2012-03-31":31.78,"2017-03-31":20.53,"2010-03-31":22.98,"2009-03-31":28.43,"2007-03-31":20.89}],["Other Income",{"2008-03-31":15.77,"2016-03-31":139.4,"2014-03-31":147.26,"2011-03-31":76.48,"2015-03-31":123.41,"2013-03-31":93.93,"2006-03-31":8.37,"2012-03-31":53.76,"2017-03-31":358.4,"2010-03-31":43.5,"2009-03-31":17.94,"2007-03-31":6.77}],["Interest",{"2008-03-31":45.13,"2016-03-31":221.1,"2014-03-31":126.05,"2011-03-31":78.72,"2015-03-31":188.28,"2013-03-31":89.72,"2006-03-31":4.54,"2012-03-31":76.51,"2017-03-31":187.6,"2010-03-31":66.08,"2009-03-31":128.03,"2007-03-31":20.47}],["Depreciation",{"2008-03-31":22.26,"2016-03-31":50.4,"2014-03-31":35.54,"2011-03-31":33.23,"2015-03-31":42.25,"2013-03-31":32.96,"2006-03-31":17.0,"2012-03-31":32.45,"2017-03-31":49.5,"2010-03-31":34.93,"2009-03-31":30.58,"2007-03-31":16.57}],["Profit before tax",{"2008-03-31":81.63,"2016-03-31":445.5,"2014-03-31":488.22,"2011-03-31":288.32,"2015-03-31":590.48,"2013-03-31":388.6,"2006-03-31":40.09,"2012-03-31":181.69,"2017-03-31":569.0,"2010-03-31":160.75,"2009-03-31":107.2,"2007-03-31":57.53}],["Tax",{"2008-03-31":22.43,"2016-03-31":44.8,"2014-03-31":148.2,"2011-03-31":84.77,"2015-03-31":176.25,"2013-03-31":112.53,"2006-03-31":11.9,"2012-03-31":52.62,"2017-03-31":-20.1,"2010-03-31":19.02,"2009-03-31":31.09,"2007-03-31":19.32}],["Net Profit",{"2008-03-31":59.2,"2016-03-31":400.7,"2014-03-31":340.02,"2011-03-31":203.55,"2015-03-31":414.23,"2013-03-31":276.07,"2006-03-31":28.19,"2012-03-31":129.07,"2017-03-31":589.1,"2010-03-31":141.73,"2009-03-31":76.11,"2007-03-31":38.21}],["EPS (unadj)",{"2008-03-31":47.36,"2016-03-31":10.44,"2014-03-31":9.46,"2011-03-31":6.02,"2015-03-31":10.73,"2013-03-31":7.68,"2006-03-31":22.55,"2012-03-31":3.74,"2017-03-31":15.71,"2010-03-31":5.4,"2009-03-31":60.89,"2007-03-31":30.57}],["Dividend Payout",{"2008-03-31":0.0,"2016-03-31":11.23,"2014-03-31":15.44,"2011-03-31":19.34,"2015-03-31":13.58,"2013-03-31":15.21,"2006-03-31":0.0,"2012-03-31":30.5,"2017-03-31":7.64,"2010-03-31":0.0,"2009-03-31":0.0,"2007-03-31":0.0}]],"cashflow":[["Cash from Operating Activity",{"2008-03-31":325.65,"2016-03-31":-163.1,"2014-03-31":-9.07,"2011-03-31":-299.63,"2015-03-31":-407.1,"2013-03-31":5.5,"2006-03-31":30.42,"2012-03-31":185.38,"2017-03-31":-89.1,"2010-03-31":-169.48,"2009-03-31":40.88,"2007-03-31":-61.8}],["Cash from Investing Activity",{"2008-03-31":-436.4,"2016-03-31":-842.3,"2014-03-31":-242.51,"2011-03-31":-345.58,"2015-03-31":-386.22,"2013-03-31":-363.56,"2006-03-31":-125.53,"2012-03-31":-408.1,"2017-03-31":5.8,"2010-03-31":-131.02,"2009-03-31":-12.26,"2007-03-31":-220.66}],["Cash from Financing Activity",{"2008-03-31":148.86,"2016-03-31":937.6,"2014-03-31":75.78,"2011-03-31":832.4,"2015-03-31":909.21,"2013-03-31":605.65,"2006-03-31":108.96,"2012-03-31":38.94,"2017-03-31":36.6,"2010-03-31":324.54,"2009-03-31":27.02,"2007-03-31":271.34}],["Net Cash Flow",{"2008-03-31":38.11,"2016-03-31":-67.8,"2014-03-31":-175.8,"2011-03-31":187.19,"2015-03-31":115.89,"2013-03-31":247.59,"2006-03-31":13.85,"2012-03-31":-183.78,"2017-03-31":-46.7,"2010-03-31":24.04,"2009-03-31":55.64,"2007-03-31":-11.12}]],"quarters":[["Sales",{"2016-06-30":579.66,"2016-12-31":555.0,"2017-03-31":562.9,"2017-06-30":626.9,"2015-06-30":932.73,"2015-03-31":710.59,"2017-09-30":599.6,"2015-12-31":686.88,"2016-03-31":905.56,"2017-12-31":769.0,"2016-09-30":482.4,"2015-09-30":736.13}],["Expenses",{"2016-06-30":426.43,"2016-12-31":456.1,"2017-03-31":470.5,"2017-06-30":530.2,"2015-06-30":772.05,"2015-03-31":531.27,"2017-09-30":493.9,"2015-12-31":528.9,"2016-03-31":820.97,"2017-12-31":664.3,"2016-09-30":378.6,"2015-09-30":561.94}],["Operating Profit",{"2016-06-30":153.23,"2016-12-31":98.9,"2017-03-31":92.4,"2017-06-30":96.7,"2015-06-30":160.68,"2015-03-31":179.32,"2017-09-30":105.7,"2015-12-31":157.98,"2016-03-31":84.59,"2017-12-31":104.7,"2016-09-30":103.8,"2015-09-30":174.19}],["OPM",{"2016-06-30":26.43,"2016-12-31":17.82,"2017-03-31":16.41,"2017-06-30":15.43,"2015-06-30":17.23,"2015-03-31":25.24,"2017-09-30":17.63,"2015-12-31":23.0,"2016-03-31":9.34,"2017-12-31":13.62,"2016-09-30":21.52,"2015-09-30":23.66}],["Other Income",{"2016-06-30":29.47,"2016-12-31":29.4,"2017-03-31":296.4,"2017-06-30":28.1,"2015-06-30":30.1,"2015-03-31":31.99,"2017-09-30":16.7,"2015-12-31":39.8,"2016-03-31":27.28,"2017-12-31":23.8,"2016-09-30":29.6,"2015-09-30":42.26}],["Depreciation",{"2016-06-30":12.11,"2016-12-31":20.1,"2017-03-31":16.0,"2017-06-30":12.7,"2015-06-30":12.0,"2015-03-31":12.23,"2017-09-30":13.1,"2015-12-31":12.74,"2016-03-31":12.99,"2017-12-31":15.5,"2016-09-30":17.3,"2015-09-30":12.67}],["Interest",{"2016-06-30":48.57,"2016-12-31":40.0,"2017-03-31":57.4,"2017-06-30":43.6,"2015-06-30":57.29,"2015-03-31":52.44,"2017-09-30":48.3,"2015-12-31":52.54,"2016-03-31":53.35,"2017-12-31":52.3,"2016-09-30":44.4,"2015-09-30":57.89}],["Profit before tax",{"2016-06-30":122.02,"2016-12-31":68.2,"2017-03-31":315.4,"2017-06-30":68.5,"2015-06-30":121.49,"2015-03-31":146.64,"2017-09-30":61.0,"2015-12-31":132.5,"2016-03-31":45.53,"2017-12-31":60.7,"2016-09-30":71.7,"2015-09-30":145.89}],["Tax",{"2016-06-30":-14.72,"2016-12-31":-6.6,"2017-03-31":-3.1,"2017-06-30":5.5,"2015-06-30":8.28,"2015-03-31":32.86,"2017-09-30":10.1,"2015-12-31":21.36,"2016-03-31":-2.47,"2017-12-31":-0.2,"2016-09-30":4.9,"2015-09-30":17.58}],["Net Profit",{"2016-06-30":136.74,"2016-12-31":74.8,"2017-03-31":318.5,"2017-06-30":63.0,"2015-06-30":113.21,"2015-03-31":113.78,"2017-09-30":50.9,"2015-12-31":111.14,"2016-03-31":48.0,"2017-12-31":60.9,"2016-09-30":66.8,"2015-09-30":128.31}]]},"bse_code":"533274","short_name":"Prestige Estates","nse_code":"PRESTIGE","companyrating_set":[{"rating__rating":"[ICRA]A+ (stable)","instrument":"Bank Loan Rating-Long Term","rating__source":"icra","link":"http://icra.in/search.aspx?word=Prestige Estates Projects Ltd"},{"rating__rating":"[ICRA]A+ (stable)","instrument":"Corporate Debt Rating-Long Term","rating__source":"icra","link":"http://icra.in/search.aspx?word=Prestige Estates Projects Ltd"},{"rating__rating":"BWR A + (SO)(Stable)","instrument":"Proposed Secured Non Convertible Debentures  150 Crore (Tenure up to 5 years)","rating__source":"brickworks","link":"http://google.com/search?btnI=1&q=Prestige Estates Projects Ltd+site:brickworkratings.com"},{"rating__rating":"DA1","instrument":"Real Estate Developers Project","rating__source":"crisil","link":"http://www.crisil.com/ratings/company-wise-ratings.jsp?txtSearch=Prestige Estates Projects Ltd"}],"annualreport_set":[{"source":"bse","report_date":2017,"link":"http://www.bseindia.com/bseplus/AnnualReport/533274/5332740317.pdf"},{"source":"bse","report_date":2016,"link":"http://www.bseindia.com/bseplus/AnnualReport/533274/5332740316.pdf"},{"source":"bse","report_date":2015,"link":"http://www.bseindia.com/bseplus/AnnualReport/533274/5332740315.pdf"},{"source":"bse","report_date":2014,"link":"http://www.bseindia.com/bseplus/AnnualReport/533274/5332740314.pdf"},{"source":"bse","report_date":2013,"link":"http://www.bseindia.com/bseplus/annualreport/533274/5332740313.pdf"},{"source":"bse","report_date":2011,"link":"http://www.bseindia.com/bseplus/annualreport/533274/5332740311.pdf"},{"source":"nse","report_date":2011,"link":"http://nseindia.com/annual_reports/AR_PRESTIGE_2010_2011_04072011150505.zip"}],"announcement_set":[{"ann_date":"06 Apr 2018","announcement":"Shareholding for the Period Ended March 31, 2018","link":"https://www.bseindia.com/corporates/anndet_new.aspx?newsid=b25e4f69-47d3-4932-94d9-7219b50a3758"},{"ann_date":"06 Apr 2018","announcement":"Compliance Certificate-Regulation 7(3) Of SEBI(Listing Obligations And Disclosure Requirements)Regulations, 2015","link":"https://www.bseindia.com/corporates/anndet_new.aspx?newsid=764eace0-fe9d-4090-a7e3-7868afd1d901"},{"ann_date":"06 Apr 2018","announcement":"Statement Of Investor Complaints For The Quarter Ended March 2018","link":"https://www.bseindia.com/corporates/anndet_new.aspx?newsid=fb87d027-11c6-4814-b509-83810d21d9d9"},{"ann_date":"08 Mar 2018","announcement":"Announcement under Regulation 30 (LODR)-Acquisition","link":"https://www.bseindia.com/corporates/anndet_new.aspx?newsid=52c50515-e5b1-4026-8945-edd551de806c"},{"ann_date":"26 Feb 2018","announcement":"Announcement under Regulation 30 (LODR)-Updates","link":"https://www.bseindia.com/corporates/anndet_new.aspx?newsid=a251d27f-f507-47d3-bd93-cbce3c8a8303"}],"warehouse_set":{"high_price":356.8,"low_price":205.3,"sales_growth":1.42,"current_price":308.3,"dividend_yield":0.39,"face_value":10.0,"id":616,"sales_growth_3years":2.83,"profit_growth_5years":22.14,"average_return_on_equity_3years":9.83,"book_value":131.14,"status":"Active","pair_url":"/company/PRESTIGE/consolidated","sales_growth_10years":9.62,"average_return_on_equity_10years":11.34,"profit_growth":51.16,"market_capitalization":11561.25,"profit_growth_10years":21.93,"price_to_earning":43.69,"industry":"Realty","analysis":{"remarks":["Some businesses are provided tax benefits to encourage their development"],"bad":["Though the company is reporting regular profits, it is not paying out tax","Company has a low return on equity of 9.83% for last 3 years.","Contingent liabilities of Rs.3528.80 Cr.","Company might be capitalizing the interest cost","Earnings include an other income of Rs.365.00 Cr.","Dividend payout has been low at 10.42% of profits over last 3 years"],"good":[]},"result_type":"sa","profit_growth_3years":1.37,"sales_growth_5years":23.94,"return_on_equity":7.92,"average_return_on_equity_5years":10.39},"id":2558,"name":"Prestige Estates Projects Ltd"}
