{"prime":"sa","number_set":{"balancesheet":[["Share Capital",{"2008-03-31":11.9,"2016-03-31":23.81,"2014-03-31":23.8,"2011-03-31":23.8,"2015-03-31":23.81,"2013-03-31":23.8,"2006-03-31":12.08,"2012-03-31":23.8,"2017-03-31":23.81,"2010-03-31":23.8,"2009-03-31":23.8,"2007-03-31":12.08}],["Reserves",{"2008-03-31":941.95,"2016-03-31":3069.65,"2014-03-31":2458.28,"2011-03-31":1710.71,"2015-03-31":2621.38,"2013-03-31":2346.96,"2006-03-31":381.1,"2012-03-31":2026.58,"2017-03-31":3717.7,"2010-03-31":1534.36,"2009-03-31":1236.39,"2007-03-31":654.28}],["Borrowings",{"2008-03-31":1635.64,"2016-03-31":2123.5,"2014-03-31":2910.17,"2011-03-31":2791.17,"2015-03-31":2711.89,"2013-03-31":2667.05,"2006-03-31":602.44,"2012-03-31":2710.41,"2017-03-31":1424.87,"2010-03-31":2566.51,"2009-03-31":2463.45,"2007-03-31":677.33}],["Other Liabilities",{"2008-03-31":769.49,"2016-03-31":1825.38,"2014-03-31":1485.0,"2011-03-31":1186.01,"2015-03-31":1654.55,"2013-03-31":1441.51,"2006-03-31":427.28,"2012-03-31":1304.87,"2017-03-31":1995.53,"2010-03-31":1137.99,"2009-03-31":936.31,"2007-03-31":623.87}],["Total Liabilities",{"2008-03-31":3358.98,"2016-03-31":7042.34,"2014-03-31":6877.25,"2011-03-31":5711.69,"2015-03-31":7011.63,"2013-03-31":6479.32,"2006-03-31":1422.9,"2012-03-31":6065.66,"2017-03-31":7161.91,"2010-03-31":5262.66,"2009-03-31":4659.95,"2007-03-31":1967.56}],["Fixed Assets",{"2008-03-31":1906.14,"2016-03-31":4901.16,"2014-03-31":4641.48,"2011-03-31":3792.95,"2015-03-31":4875.52,"2013-03-31":4593.55,"2006-03-31":989.89,"2012-03-31":4115.15,"2017-03-31":4942.38,"2010-03-31":3692.51,"2009-03-31":2999.68,"2007-03-31":1080.53}],["CWIP",{"2008-03-31":576.48,"2016-03-31":146.84,"2014-03-31":353.83,"2011-03-31":545.65,"2015-03-31":262.66,"2013-03-31":157.0,"2006-03-31":11.3,"2012-03-31":527.55,"2017-03-31":120.26,"2010-03-31":317.71,"2009-03-31":635.37,"2007-03-31":178.44}],["Investments",{"2008-03-31":88.76,"2016-03-31":371.58,"2014-03-31":283.41,"2011-03-31":267.27,"2015-03-31":355.83,"2013-03-31":265.77,"2006-03-31":88.67,"2012-03-31":266.47,"2017-03-31":388.95,"2010-03-31":88.74,"2009-03-31":88.61,"2007-03-31":88.75}],["Other Assets",{"2008-03-31":787.6,"2016-03-31":1622.76,"2014-03-31":1598.53,"2011-03-31":1105.82,"2015-03-31":1517.62,"2013-03-31":1463.0,"2006-03-31":333.04,"2012-03-31":1156.49,"2017-03-31":1710.32,"2010-03-31":1163.7,"2009-03-31":936.29,"2007-03-31":619.84}],["Total Assets",{"2008-03-31":3358.98,"2016-03-31":7042.34,"2014-03-31":6877.25,"2011-03-31":5711.69,"2015-03-31":7011.63,"2013-03-31":6479.32,"2006-03-31":1422.9,"2012-03-31":6065.66,"2017-03-31":7161.91,"2010-03-31":5262.66,"2009-03-31":4659.95,"2007-03-31":1967.56}]],"annual":[["Sales",{"2008-03-31":2011.88,"2016-03-31":3573.26,"2014-03-31":3683.51,"2011-03-31":2616.22,"2015-03-31":3644.89,"2013-03-31":3830.8,"2006-03-31":986.34,"2012-03-31":3256.74,"2017-03-31":3949.54,"2010-03-31":2666.99,"2009-03-31":2371.56,"2007-03-31":1574.16}],["Expenses",{"2008-03-31":1258.84,"2016-03-31":2501.16,"2014-03-31":3119.65,"2011-03-31":1986.83,"2015-03-31":2930.92,"2013-03-31":2824.41,"2006-03-31":774.48,"2012-03-31":2317.28,"2017-03-31":2772.6,"2010-03-31":1809.4,"2009-03-31":1592.75,"2007-03-31":1017.49}],["Operating Profit",{"2008-03-31":753.04,"2016-03-31":1072.1,"2014-03-31":563.86,"2011-03-31":629.39,"2015-03-31":713.97,"2013-03-31":1006.39,"2006-03-31":211.86,"2012-03-31":939.46,"2017-03-31":1176.94,"2010-03-31":857.59,"2009-03-31":778.81,"2007-03-31":556.67}],["OPM",{"2008-03-31":37.43,"2016-03-31":30.0,"2014-03-31":15.31,"2011-03-31":24.06,"2015-03-31":19.59,"2013-03-31":26.27,"2006-03-31":21.48,"2012-03-31":28.85,"2017-03-31":29.8,"2010-03-31":32.16,"2009-03-31":32.84,"2007-03-31":35.36}],["Other Income",{"2008-03-31":9.49,"2016-03-31":88.43,"2014-03-31":85.72,"2011-03-31":28.54,"2015-03-31":86.88,"2013-03-31":41.86,"2006-03-31":4.9,"2012-03-31":31.04,"2017-03-31":42.8,"2010-03-31":20.48,"2009-03-31":15.05,"2007-03-31":7.53}],["Interest",{"2008-03-31":52.45,"2016-03-31":182.37,"2014-03-31":188.95,"2011-03-31":139.9,"2015-03-31":194.54,"2013-03-31":179.46,"2006-03-31":36.3,"2012-03-31":159.18,"2017-03-31":104.06,"2010-03-31":151.54,"2009-03-31":110.73,"2007-03-31":23.73}],["Depreciation",{"2008-03-31":93.27,"2016-03-31":304.79,"2014-03-31":306.29,"2011-03-31":220.77,"2015-03-31":249.88,"2013-03-31":280.58,"2006-03-31":65.19,"2012-03-31":253.9,"2017-03-31":265.53,"2010-03-31":196.09,"2009-03-31":137.72,"2007-03-31":71.9}],["Profit before tax",{"2008-03-31":616.81,"2016-03-31":673.37,"2014-03-31":154.34,"2011-03-31":297.26,"2015-03-31":356.43,"2013-03-31":588.21,"2006-03-31":115.27,"2012-03-31":557.42,"2017-03-31":850.15,"2010-03-31":530.44,"2009-03-31":545.41,"2007-03-31":468.57}],["Tax",{"2008-03-31":208.52,"2016-03-31":131.18,"2014-03-31":16.64,"2011-03-31":86.28,"2015-03-31":114.08,"2013-03-31":184.56,"2006-03-31":36.25,"2012-03-31":172.31,"2017-03-31":200.86,"2010-03-31":176.76,"2009-03-31":181.9,"2007-03-31":160.55}],["Net Profit",{"2008-03-31":408.29,"2016-03-31":542.19,"2014-03-31":137.7,"2011-03-31":210.98,"2015-03-31":242.35,"2013-03-31":403.65,"2006-03-31":79.02,"2012-03-31":385.11,"2017-03-31":649.29,"2010-03-31":353.68,"2009-03-31":363.51,"2007-03-31":308.02}],["EPS (unadj)",{"2008-03-31":336.24,"2016-03-31":21.85,"2014-03-31":5.62,"2011-03-31":8.66,"2015-03-31":9.87,"2013-03-31":16.47,"2006-03-31":63.31,"2012-03-31":15.78,"2017-03-31":27.27,"2010-03-31":14.52,"2009-03-31":14.93,"2007-03-31":251.18}],["Dividend Payout",{"2008-03-31":11.66,"2016-03-31":13.17,"2014-03-31":17.28,"2011-03-31":14.1,"2015-03-31":14.74,"2013-03-31":17.69,"2006-03-31":22.93,"2012-03-31":15.45,"2017-03-31":11.0,"2010-03-31":13.46,"2009-03-31":13.09,"2007-03-31":9.8}]],"cashflow":[["Cash from Operating Activity",{"2008-03-31":475.76,"2016-03-31":1085.09,"2014-03-31":478.79,"2011-03-31":619.16,"2015-03-31":956.09,"2013-03-31":701.4,"2006-03-31":239.34,"2012-03-31":863.79,"2017-03-31":1105.38,"2010-03-31":681.35,"2009-03-31":639.34,"2007-03-31":308.39}],["Cash from Investing Activity",{"2008-03-31":-1310.51,"2016-03-31":-263.16,"2014-03-31":-541.21,"2011-03-31":-686.17,"2015-03-31":-481.58,"2013-03-31":-378.5,"2006-03-31":-91.26,"2012-03-31":-552.24,"2017-03-31":-275.84,"2010-03-31":-566.83,"2009-03-31":-1284.29,"2007-03-31":-325.61}],["Cash from Financing Activity",{"2008-03-31":801.12,"2016-03-31":-942.81,"2014-03-31":52.84,"2011-03-31":71.49,"2015-03-31":-457.27,"2013-03-31":-288.55,"2006-03-31":-142.18,"2012-03-31":-329.22,"2017-03-31":-658.59,"2010-03-31":-117.53,"2009-03-31":660.62,"2007-03-31":24.48}],["Net Cash Flow",{"2008-03-31":-33.63,"2016-03-31":-120.88,"2014-03-31":-9.58,"2011-03-31":4.48,"2015-03-31":17.24,"2013-03-31":34.35,"2006-03-31":5.9,"2012-03-31":-17.67,"2017-03-31":170.95,"2010-03-31":-3.01,"2009-03-31":15.67,"2007-03-31":7.26}]],"quarters":[["Sales",{"2016-06-30":964.39,"2016-12-31":943.25,"2017-03-31":1026.23,"2017-06-30":1028.82,"2015-06-30":947.42,"2015-03-31":997.12,"2017-09-30":1066.43,"2015-12-31":818.58,"2016-03-31":964.21,"2017-12-31":1056.36,"2016-09-30":1015.67,"2015-09-30":887.12}],["Expenses",{"2016-06-30":667.88,"2016-12-31":668.45,"2017-03-31":773.69,"2017-06-30":738.38,"2015-06-30":693.67,"2015-03-31":722.78,"2017-09-30":764.9,"2015-12-31":564.28,"2016-03-31":651.12,"2017-12-31":821.07,"2016-09-30":663.12,"2015-09-30":592.6}],["Operating Profit",{"2016-06-30":296.51,"2016-12-31":274.8,"2017-03-31":252.54,"2017-06-30":290.44,"2015-06-30":253.75,"2015-03-31":274.34,"2017-09-30":301.53,"2015-12-31":254.3,"2016-03-31":313.09,"2017-12-31":235.29,"2016-09-30":352.55,"2015-09-30":294.52}],["OPM",{"2016-06-30":30.75,"2016-12-31":29.13,"2017-03-31":24.61,"2017-06-30":28.23,"2015-06-30":26.78,"2015-03-31":27.51,"2017-09-30":28.27,"2015-12-31":31.07,"2016-03-31":32.47,"2017-12-31":22.27,"2016-09-30":34.71,"2015-09-30":33.2}],["Other Income",{"2016-06-30":9.56,"2016-12-31":21.49,"2017-03-31":5.76,"2017-06-30":5.24,"2015-06-30":1.82,"2015-03-31":2.07,"2017-09-30":7.23,"2015-12-31":1.84,"2016-03-31":38.25,"2017-12-31":5.16,"2016-09-30":5.99,"2015-09-30":2.45}],["Depreciation",{"2016-06-30":66.32,"2016-12-31":66.14,"2017-03-31":66.4,"2017-06-30":72.0,"2015-06-30":66.73,"2015-03-31":62.17,"2017-09-30":71.81,"2015-12-31":67.89,"2016-03-31":103.07,"2017-12-31":72.97,"2016-09-30":66.67,"2015-09-30":67.1}],["Interest",{"2016-06-30":29.14,"2016-12-31":26.11,"2017-03-31":20.11,"2017-06-30":15.45,"2015-06-30":49.29,"2015-03-31":47.32,"2017-09-30":17.27,"2015-12-31":42.0,"2016-03-31":44.96,"2017-12-31":16.03,"2016-09-30":28.16,"2015-09-30":45.61}],["Profit before tax",{"2016-06-30":210.61,"2016-12-31":204.04,"2017-03-31":171.79,"2017-06-30":208.23,"2015-06-30":139.55,"2015-03-31":166.92,"2017-09-30":219.68,"2015-12-31":146.25,"2016-03-31":203.31,"2017-12-31":151.45,"2016-09-30":263.71,"2015-09-30":184.26}],["Tax",{"2016-06-30":54.68,"2016-12-31":52.16,"2017-03-31":37.32,"2017-06-30":52.42,"2015-06-30":40.31,"2015-03-31":73.5,"2017-09-30":51.16,"2015-12-31":27.92,"2016-03-31":20.87,"2017-12-31":28.71,"2016-09-30":56.7,"2015-09-30":42.08}],["Net Profit",{"2016-06-30":155.93,"2016-12-31":151.88,"2017-03-31":134.47,"2017-06-30":155.81,"2015-06-30":99.24,"2015-03-31":93.42,"2017-09-30":168.52,"2015-12-31":118.33,"2016-03-31":182.44,"2017-12-31":122.74,"2016-09-30":207.01,"2015-09-30":142.18}]]},"bse_code":"500260","short_name":"The Ramco Cement","nse_code":"RAMCOCEM","companyrating_set":[],"annualreport_set":[{"source":"bse","report_date":2017,"link":"http://www.bseindia.com/bseplus/AnnualReport/500260/5002600317.pdf"},{"source":"bse","report_date":2016,"link":"http://www.bseindia.com/bseplus/AnnualReport/500260/5002600316.pdf"},{"source":"bse","report_date":2015,"link":"http://www.bseindia.com/bseplus/AnnualReport/500260/5002600315.pdf"},{"source":"bse","report_date":2014,"link":"http://www.bseindia.com/bseplus/AnnualReport/500260/5002600314.pdf"},{"source":"bse","report_date":2011,"link":"http://www.bseindia.com/bseplus/annualreport/500260/5002600311.pdf"},{"source":"nse","report_date":2011,"link":"http://nseindia.com/annual_reports/AR_MADRASCEM_2010_2011_11102011034343.zip"},{"source":"bse","report_date":2010,"link":"http://www.bseindia.com/bseplus/annualreport/500260/5002600310.pdf"},{"source":"nse","report_date":2010,"link":"http://nseindia.com/annual_reports/AR_MADRASCEM_2009_2010_18082010121500.zip"}],"announcement_set":[{"ann_date":"06 Apr 2018","announcement":"Submission Of Standalone Financial Results To The Stock Exchanges Under Regulation 33(3)(A) Of LODR.","link":"https://www.bseindia.com/corporates/anndet_new.aspx?newsid=37dafb62-f66b-467a-a842-cc885d33312a"},{"ann_date":"05 Apr 2018","announcement":"Statement Of Investor Complaints For The Quarter Ended March 2018","link":"https://www.bseindia.com/corporates/anndet_new.aspx?newsid=829520e2-d1e2-4138-94c2-4d4ebbe37b2c"},{"ann_date":"05 Apr 2018","announcement":"COMPLAINCE CERTIFICATE FOR THE HALF YEAR ENDED 31-3-2018","link":"https://www.bseindia.com/corporates/anndet_new.aspx?newsid=8217bc6d-ea39-4bd7-aa8d-56414af18113"},{"ann_date":"05 Mar 2018","announcement":"Announcement under Regulation 30 (LODR)-Acquisition","link":"https://www.bseindia.com/corporates/anndet_new.aspx?newsid=bebb0875-801a-46d9-aa14-e51240932f29"},{"ann_date":"22 Feb 2018","announcement":"Announcement under Regulation 30 (LODR)-Analyst / Investor Meet - Intimation","link":"https://www.bseindia.com/corporates/anndet_new.aspx?newsid=ff82e15b-8196-4c3a-8e16-dcd832dc5647"}],"warehouse_set":{"high_price":831.0,"low_price":647.6,"sales_growth":7.47,"current_price":786.25,"dividend_yield":0.39,"face_value":1.0,"id":397,"sales_growth_3years":2.35,"profit_growth_5years":11.02,"average_return_on_equity_3years":16.3,"book_value":177.8,"status":"Active","pair_url":"/company/RAMCOCEM/consolidated","sales_growth_10years":7.78,"average_return_on_equity_10years":17.2,"profit_growth":-16.6,"market_capitalization":18522.22,"profit_growth_10years":5.3,"price_to_earning":31.85,"industry":"Cement & Cement Products","analysis":{"remarks":[],"bad":["The company has delivered a poor growth of 3.93% over past five years.","Company might be capitalizing the interest cost"],"good":["Company has reduced debt."]},"result_type":"sa","profit_growth_3years":74.05,"sales_growth_5years":3.93,"return_on_equity":18.98,"average_return_on_equity_5years":14.68},"id":1947,"name":"The Ramco Cements Ltd"}
