{"prime":"sa","number_set":{"balancesheet":[["Share Capital",{"2008-03-31":104.72,"2016-03-31":324.73,"2014-03-31":272.04,"2011-03-31":214.95,"2015-03-31":293.45,"2013-03-31":252.93,"2006-03-31":28.48,"2012-03-31":214.95,"2017-03-31":375.2,"2010-03-31":104.72,"2009-03-31":104.72,"2007-03-31":70.44}],["Reserves",{"2008-03-31":217.01,"2016-03-31":2663.51,"2014-03-31":1612.16,"2011-03-31":868.87,"2015-03-31":1935.95,"2013-03-31":1352.73,"2006-03-31":24.34,"2012-03-31":927.26,"2017-03-31":3959.41,"2010-03-31":247.06,"2009-03-31":236.52,"2007-03-31":81.36}],["Borrowings",{"2008-03-31":1101.38,"2016-03-31":34884.87,"2014-03-31":15494.14,"2011-03-31":2049.85,"2015-03-31":24061.95,"2013-03-31":11077.87,"2006-03-31":874.84,"2012-03-31":5937.88,"2017-03-31":42567.85,"2010-03-31":1588.87,"2009-03-31":1310.97,"2007-03-31":876.86}],["Other Liabilities",{"2008-03-31":51.52,"2016-03-31":1331.22,"2014-03-31":818.74,"2011-03-31":98.18,"2015-03-31":812.3,"2013-03-31":278.75,"2006-03-31":52.03,"2012-03-31":127.17,"2017-03-31":1786.26,"2010-03-31":146.14,"2009-03-31":54.74,"2007-03-31":119.29}],["Total Liabilities",{"2008-03-31":1474.63,"2016-03-31":39204.33,"2014-03-31":18197.08,"2011-03-31":3231.85,"2015-03-31":27103.65,"2013-03-31":12962.28,"2006-03-31":979.69,"2012-03-31":7207.26,"2017-03-31":48688.72,"2010-03-31":2086.79,"2009-03-31":1706.95,"2007-03-31":1147.95}],["Fixed Assets",{"2008-03-31":15.61,"2016-03-31":158.24,"2014-03-31":110.2,"2011-03-31":31.88,"2015-03-31":153.33,"2013-03-31":83.04,"2006-03-31":13.33,"2012-03-31":45.43,"2017-03-31":224.16,"2010-03-31":19.74,"2009-03-31":18.38,"2007-03-31":15.18}],["CWIP",{"2008-03-31":0.8,"2016-03-31":19.05,"2014-03-31":23.1,"2011-03-31":11.52,"2015-03-31":10.09,"2013-03-31":10.14,"2006-03-31":2.16,"2012-03-31":12.34,"2017-03-31":34.55,"2010-03-31":1.98,"2009-03-31":0.01,"2007-03-31":1.05}],["Investments",{"2008-03-31":361.32,"2016-03-31":14436.03,"2014-03-31":6477.0,"2011-03-31":892.48,"2015-03-31":9792.3,"2013-03-31":5516.05,"2006-03-31":276.64,"2012-03-31":2264.72,"2017-03-31":13481.71,"2010-03-31":507.22,"2009-03-31":404.48,"2007-03-31":315.83}],["Other Assets",{"2008-03-31":1096.9,"2016-03-31":24591.01,"2014-03-31":11586.78,"2011-03-31":2295.97,"2015-03-31":17147.93,"2013-03-31":7353.05,"2006-03-31":687.56,"2012-03-31":4884.77,"2017-03-31":34948.3,"2010-03-31":1557.85,"2009-03-31":1284.08,"2007-03-31":815.89}],["Total Assets",{"2008-03-31":1474.63,"2016-03-31":39204.33,"2014-03-31":18197.08,"2011-03-31":3231.85,"2015-03-31":27103.65,"2013-03-31":12962.28,"2006-03-31":979.69,"2012-03-31":7207.26,"2017-03-31":48688.72,"2010-03-31":2086.79,"2009-03-31":1706.95,"2007-03-31":1147.95}]],"annual":[["Sales",{"2008-03-31":107.28,"2016-03-31":2744.31,"2014-03-31":1351.62,"2011-03-31":189.19,"2015-03-31":1953.09,"2013-03-31":879.32,"2006-03-31":70.24,"2012-03-31":465.08,"2017-03-31":3713.16,"2010-03-31":144.17,"2009-03-31":137.87,"2007-03-31":76.31}],["Expenses",{"2008-03-31":35.31,"2016-03-31":833.38,"2014-03-31":449.14,"2011-03-31":93.25,"2015-03-31":626.63,"2013-03-31":233.75,"2006-03-31":null,"2012-03-31":150.86,"2017-03-31":1233.81,"2010-03-31":39.54,"2009-03-31":30.07,"2007-03-31":32.21}],["Operating Profit",{"2008-03-31":71.97,"2016-03-31":1910.93,"2014-03-31":902.48,"2011-03-31":95.94,"2015-03-31":1326.46,"2013-03-31":645.57,"2006-03-31":null,"2012-03-31":314.22,"2017-03-31":2479.35,"2010-03-31":104.63,"2009-03-31":107.8,"2007-03-31":44.1}],["OPM",{"2008-03-31":67.09,"2016-03-31":69.63,"2014-03-31":66.77,"2011-03-31":50.71,"2015-03-31":67.92,"2013-03-31":73.42,"2006-03-31":null,"2012-03-31":67.56,"2017-03-31":66.77,"2010-03-31":72.57,"2009-03-31":78.19,"2007-03-31":57.79}],["Other Income",{"2008-03-31":8.85,"2016-03-31":490.54,"2014-03-31":260.97,"2011-03-31":18.58,"2015-03-31":403.41,"2013-03-31":126.44,"2006-03-31":6.73,"2012-03-31":67.13,"2017-03-31":755.46,"2010-03-31":13.22,"2009-03-31":15.66,"2007-03-31":4.83}],["Interest",{"2008-03-31":52.38,"2016-03-31":1925.1,"2014-03-31":1009.99,"2011-03-31":94.03,"2015-03-31":1396.72,"2013-03-31":621.77,"2006-03-31":40.21,"2012-03-31":278.29,"2017-03-31":2491.82,"2010-03-31":85.25,"2009-03-31":74.44,"2007-03-31":42.44}],["Depreciation",{"2008-03-31":3.16,"2016-03-31":48.36,"2014-03-31":20.94,"2011-03-31":1.53,"2015-03-31":33.21,"2013-03-31":13.24,"2006-03-31":2.27,"2012-03-31":7.79,"2017-03-31":61.5,"2010-03-31":4.03,"2009-03-31":3.46,"2007-03-31":2.9}],["Profit before tax",{"2008-03-31":25.28,"2016-03-31":428.01,"2014-03-31":132.52,"2011-03-31":18.96,"2015-03-31":299.94,"2013-03-31":137.01,"2006-03-31":1.17,"2012-03-31":95.27,"2017-03-31":681.48,"2010-03-31":28.57,"2009-03-31":45.56,"2007-03-31":3.59}],["Tax",{"2008-03-31":8.27,"2016-03-31":135.53,"2014-03-31":39.85,"2011-03-31":6.63,"2015-03-31":92.77,"2013-03-31":44.15,"2006-03-31":0.58,"2012-03-31":30.17,"2017-03-31":235.43,"2010-03-31":9.46,"2009-03-31":15.04,"2007-03-31":0.58}],["Net Profit",{"2008-03-31":17.01,"2016-03-31":292.48,"2014-03-31":92.67,"2011-03-31":12.33,"2015-03-31":207.18,"2013-03-31":92.85,"2006-03-31":0.59,"2012-03-31":65.1,"2017-03-31":446.05,"2010-03-31":19.11,"2009-03-31":30.52,"2007-03-31":3.01}],["EPS (unadj)",{"2008-03-31":15.41,"2016-03-31":8.7,"2014-03-31":3.25,"2011-03-31":0.54,"2015-03-31":6.82,"2013-03-31":3.57,"2006-03-31":2.07,"2012-03-31":2.98,"2017-03-31":11.89,"2010-03-31":1.73,"2009-03-31":2.74,"2007-03-31":4.27}],["Dividend Payout",{"2008-03-31":32.35,"2016-03-31":16.65,"2014-03-31":26.42,"2011-03-31":35.7,"2015-03-31":17.0,"2013-03-31":16.34,"2006-03-31":0.0,"2012-03-31":9.91,"2017-03-31":15.14,"2010-03-31":34.56,"2009-03-31":36.06,"2007-03-31":0.0}]],"cashflow":[["Cash from Operating Activity",{"2008-03-31":139.77,"2016-03-31":-4384.2,"2014-03-31":-922.03,"2011-03-31":-694.41,"2015-03-31":-2260.51,"2013-03-31":-1771.79,"2006-03-31":19.93,"2012-03-31":-845.27,"2017-03-31":3433.65,"2010-03-31":-89.58,"2009-03-31":-5.13,"2007-03-31":-66.26}],["Cash from Investing Activity",{"2008-03-31":-3.37,"2016-03-31":-60.43,"2014-03-31":-59.36,"2011-03-31":-23.24,"2015-03-31":-58.37,"2013-03-31":-47.04,"2006-03-31":-4.58,"2012-03-31":-21.22,"2017-03-31":-142.18,"2010-03-31":-7.43,"2009-03-31":-5.38,"2007-03-31":-3.64}],["Cash from Financing Activity",{"2008-03-31":102.17,"2016-03-31":4039.88,"2014-03-31":1484.57,"2011-03-31":719.71,"2015-03-31":3075.68,"2013-03-31":1920.2,"2006-03-31":9.1,"2012-03-31":1185.85,"2017-03-31":-1656.14,"2010-03-31":-7.33,"2009-03-31":-12.25,"2007-03-31":142.04}],["Net Cash Flow",{"2008-03-31":238.57,"2016-03-31":-404.75,"2014-03-31":503.17,"2011-03-31":2.06,"2015-03-31":756.8,"2013-03-31":101.37,"2006-03-31":24.45,"2012-03-31":319.35,"2017-03-31":1635.33,"2010-03-31":-104.34,"2009-03-31":-22.76,"2007-03-31":72.14}]],"quarters":[["Sales",{"2016-06-30":863.69,"2016-12-31":961.22,"2017-03-31":986.32,"2017-06-30":1042.78,"2015-06-30":604.87,"2017-09-30":1091.29,"2015-12-31":713.13,"2016-03-31":761.95,"2017-12-31":1150.79,"2016-09-30":901.93,"2015-09-30":664.36}],["Expenses",{"2016-06-30":270.34,"2016-12-31":304.9,"2017-03-31":389.06,"2017-06-30":418.37,"2015-06-30":203.65,"2017-09-30":432.97,"2015-12-31":214.48,"2016-03-31":259.95,"2017-12-31":474.39,"2016-09-30":331.01,"2015-09-30":203.67}],["Operating Profit",{"2016-06-30":593.35,"2016-12-31":656.32,"2017-03-31":597.26,"2017-06-30":624.41,"2015-06-30":401.22,"2017-09-30":658.32,"2015-12-31":498.65,"2016-03-31":502.0,"2017-12-31":676.4,"2016-09-30":570.92,"2015-09-30":460.69}],["OPM",{"2016-06-30":68.7,"2016-12-31":68.28,"2017-03-31":60.55,"2017-06-30":59.88,"2015-06-30":66.33,"2017-09-30":60.32,"2015-12-31":69.92,"2016-03-31":65.88,"2017-12-31":58.78,"2016-09-30":63.3,"2015-09-30":69.34}],["Other Income",{"2016-06-30":167.54,"2016-12-31":182.26,"2017-03-31":236.55,"2017-06-30":256.92,"2015-06-30":125.9,"2017-09-30":241.07,"2015-12-31":109.64,"2016-03-31":142.71,"2017-12-31":258.22,"2016-09-30":169.11,"2015-09-30":112.29}],["Depreciation",{"2016-06-30":0.0,"2016-12-31":0.0,"2017-03-31":0.0,"2017-06-30":0.0,"2015-06-30":0.0,"2017-09-30":0.0,"2015-12-31":0.0,"2016-03-31":0.0,"2017-12-31":0.0,"2016-09-30":0.0,"2015-09-30":0.0}],["Interest",{"2016-06-30":619.03,"2016-12-31":639.64,"2017-03-31":634.16,"2017-06-30":664.4,"2015-06-30":438.21,"2017-09-30":671.13,"2015-12-31":490.69,"2016-03-31":521.77,"2017-12-31":683.5,"2016-09-30":598.99,"2015-09-30":474.43}],["Profit before tax",{"2016-06-30":141.86,"2016-12-31":198.94,"2017-03-31":199.65,"2017-06-30":216.93,"2015-06-30":88.91,"2017-09-30":228.26,"2015-12-31":117.6,"2016-03-31":122.94,"2017-12-31":251.12,"2016-09-30":141.04,"2015-09-30":98.55}],["Tax",{"2016-06-30":44.52,"2016-12-31":70.25,"2017-03-31":69.52,"2017-06-30":75.91,"2015-06-30":28.59,"2017-09-30":77.64,"2015-12-31":36.55,"2016-03-31":38.76,"2017-12-31":85.79,"2016-09-30":51.15,"2015-09-30":31.62}],["Net Profit",{"2016-06-30":97.34,"2016-12-31":128.69,"2017-03-31":130.13,"2017-06-30":141.02,"2015-06-30":60.32,"2017-09-30":150.62,"2015-12-31":81.05,"2016-03-31":84.18,"2017-12-31":165.33,"2016-09-30":89.89,"2015-09-30":66.93}]]},"bse_code":"540065","short_name":"RBL Bank","nse_code":"RBLBANK","companyrating_set":[],"annualreport_set":[{"source":"bse","report_date":2017,"link":"http://www.bseindia.com/bseplus/AnnualReport/540065/5400650317.pdf"},{"source":"bse","report_date":2016,"link":"http://www.bseindia.com/bseplus/AnnualReport/540065/5400650316.pdf"}],"announcement_set":[{"ann_date":"06 Apr 2018","announcement":"Board to consider FY18 results & Dividend on April 27, 2018","link":"https://www.bseindia.com/corporates/anndet_new.aspx?newsid=37c25cff-6c42-4f5a-bdb1-a29117558c3a"},{"ann_date":"06 Apr 2018","announcement":"Board Meeting - Board Meeting On 27/04/2018","link":"https://www.bseindia.com/corporates/anndet_new.aspx?newsid=829ea07d-f1a3-405b-8145-984547b1e7f5"},{"ann_date":"05 Apr 2018","announcement":"Corporate Action - Fixes Record Date For (Ncds Issued By The Bank)","link":"https://www.bseindia.com/corporates/anndet_new.aspx?newsid=228f44ed-17f6-4fde-8070-c22726d784b5"},{"ann_date":"05 Apr 2018","announcement":"Announcement under Regulation 30 (LODR)-Analyst / Investor Meet - Intimation","link":"https://www.bseindia.com/corporates/anndet_new.aspx?newsid=82a69009-d10c-46fe-adf8-e7c8864b3ead"},{"ann_date":"05 Apr 2018","announcement":"Statement Of Investor Complaints For The Quarter Ended March 2018","link":"https://www.bseindia.com/corporates/anndet_new.aspx?newsid=313bc6ae-4941-44ad-aea1-dd03ce694b0f"}],"warehouse_set":{"high_price":600.9,"low_price":443.3,"sales_growth":22.43,"current_price":494.1,"dividend_yield":0.33,"face_value":10.0,"id":10967734,"sales_growth_3years":40.05,"profit_growth_5years":47.49,"average_return_on_equity_3years":11.34,"book_value":114.18,"status":"Active","pair_url":"/company/RBLBANK/consolidated","sales_growth_10years":48.25,"average_return_on_equity_10years":8.52,"profit_growth":46.74,"market_capitalization":20735.77,"profit_growth_10years":43.74,"price_to_earning":35.32,"industry":"Banks","analysis":{"remarks":[],"bad":["Company has low interest coverage ratio.","Company has a low return on equity of 11.34% for last 3 years.","Contingent liabilities of Rs.42727.17 Cr.","Earnings include an other income of Rs.992.76 Cr."],"good":["Company has good consistent profit growth of 47.49% over 5 years"]},"result_type":"sa","profit_growth_3years":69.49,"sales_growth_5years":51.51,"return_on_equity":12.17,"average_return_on_equity_5years":9.88},"id":1273471,"name":"RBL Bank Ltd"}
