{"prime":"con","number_set":{"balancesheet":[["Share Capital",{"2008-03-31":631.47,"2016-03-31":776.28,"2014-03-31":746.57,"2011-03-31":635.0,"2015-03-31":746.57,"2013-03-31":684.03,"2006-03-31":526.3,"2012-03-31":671.04,"2017-03-31":797.35,"2010-03-31":634.88,"2009-03-31":634.88,"2007-03-31":526.3}],["Reserves",{"2008-03-31":48401.19,"2016-03-31":143498.16,"2014-03-31":117535.68,"2011-03-31":64351.04,"2015-03-31":127691.65,"2013-03-31":98199.65,"2006-03-31":27117.79,"2012-03-31":83280.16,"2017-03-31":155903.06,"2010-03-31":65314.32,"2009-03-31":57312.82,"2007-03-31":30772.26}],["Borrowings",{"2008-03-31":589131.35,"2016-03-31":2054067.03,"2014-03-31":1577539.39,"2011-03-31":1053501.77,"2015-03-31":1781943.54,"2013-03-31":1371922.29,"2006-03-31":410687.3,"2012-03-31":1170652.93,"2017-03-31":2362445.05,"2010-03-31":907127.83,"2009-03-31":826131.06,"2007-03-31":475224.42}],["Other Liabilities",{"2008-03-31":83961.07,"2016-03-31":163185.41,"2014-03-31":98748.45,"2011-03-31":106206.0,"2015-03-31":141113.87,"2013-03-31":97893.22,"2006-03-31":55829.23,"2012-03-31":82805.3,"2017-03-31":192444.19,"2010-03-31":80879.58,"2009-03-31":80964.2,"2007-03-31":60283.15}],["Total Liabilities",{"2008-03-31":722125.08,"2016-03-31":2361526.88,"2014-03-31":1794570.09,"2011-03-31":1224693.81,"2015-03-31":2051495.63,"2013-03-31":1568699.19,"2006-03-31":494160.62,"2012-03-31":1337409.43,"2017-03-31":2711589.65,"2010-03-31":1053956.61,"2009-03-31":965042.96,"2007-03-31":566806.13}],["Fixed Assets",{"2008-03-31":3139.22,"2016-03-31":9819.16,"2014-03-31":7716.46,"2011-03-31":4431.96,"2015-03-31":9041.8,"2013-03-31":6595.71,"2006-03-31":2673.11,"2012-03-31":5133.87,"2017-03-31":42344.99,"2010-03-31":4117.73,"2009-03-31":3574.41,"2007-03-31":2676.92}],["CWIP",{"2008-03-31":234.26,"2016-03-31":570.12,"2014-03-31":285.7,"2011-03-31":332.23,"2015-03-31":287.37,"2013-03-31":409.31,"2006-03-31":79.82,"2012-03-31":332.68,"2017-03-31":573.93,"2010-03-31":295.18,"2009-03-31":263.44,"2007-03-31":141.95}],["Investments",{"2008-03-31":189501.27,"2016-03-31":575651.78,"2014-03-31":398799.57,"2011-03-31":295600.57,"2015-03-31":481758.75,"2013-03-31":350877.51,"2006-03-31":162534.24,"2012-03-31":312197.61,"2017-03-31":765989.63,"2010-03-31":295785.2,"2009-03-31":275953.96,"2007-03-31":149148.88}],["Other Assets",{"2008-03-31":529250.33,"2016-03-31":1775485.82,"2014-03-31":1387768.36,"2011-03-31":924329.05,"2015-03-31":1560407.71,"2013-03-31":1210816.66,"2006-03-31":328873.45,"2012-03-31":1019745.27,"2017-03-31":1902681.1,"2010-03-31":753758.5,"2009-03-31":685251.15,"2007-03-31":414838.38}],["Total Assets",{"2008-03-31":722125.08,"2016-03-31":2361526.88,"2014-03-31":1794570.09,"2011-03-31":1224693.81,"2015-03-31":2051495.63,"2013-03-31":1568699.19,"2006-03-31":494160.62,"2012-03-31":1337409.43,"2017-03-31":2711589.65,"2010-03-31":1053956.61,"2009-03-31":965042.96,"2007-03-31":566806.13}]],"annual":[["Sales",{"2008-03-31":48950.31,"2016-03-31":163998.3,"2014-03-31":136350.8,"2011-03-31":81394.36,"2015-03-31":152397.07,"2013-03-31":119655.1,"2006-03-31":35979.57,"2012-03-31":106521.45,"2017-03-31":175518.24,"2010-03-31":70993.92,"2009-03-31":63788.43,"2007-03-31":37242.33}],["Expenses",{"2008-03-31":15300.79,"2016-03-31":69565.8,"2014-03-31":50327.27,"2011-03-31":32406.28,"2015-03-31":57160.68,"2013-03-31":39275.64,"2006-03-31":15389.04,"2012-03-31":38152.05,"2017-03-31":80172.18,"2010-03-31":23780.85,"2009-03-31":18623.66,"2007-03-31":14236.71}],["Operating Profit",{"2008-03-31":33649.52,"2016-03-31":94432.5,"2014-03-31":86023.53,"2011-03-31":48988.08,"2015-03-31":95236.39,"2013-03-31":80379.46,"2006-03-31":20590.53,"2012-03-31":68369.4,"2017-03-31":95346.06,"2010-03-31":47213.07,"2009-03-31":45164.77,"2007-03-31":23005.62}],["OPM",{"2008-03-31":68.74,"2016-03-31":57.58,"2014-03-31":63.09,"2011-03-31":60.19,"2015-03-31":62.49,"2013-03-31":67.18,"2006-03-31":57.23,"2012-03-31":64.18,"2017-03-31":54.32,"2010-03-31":66.5,"2009-03-31":70.8,"2007-03-31":61.77}],["Other Income",{"2008-03-31":9398.43,"2016-03-31":27845.37,"2014-03-31":18552.92,"2011-03-31":15824.6,"2015-03-31":22575.89,"2013-03-31":16036.84,"2006-03-31":7469.75,"2012-03-31":14351.45,"2017-03-31":35460.93,"2010-03-31":14968.15,"2009-03-31":12694.31,"2007-03-31":7405.98}],["Interest",{"2008-03-31":31929.08,"2016-03-31":106803.49,"2014-03-31":87068.63,"2011-03-31":48867.96,"2015-03-31":97381.82,"2013-03-31":75325.8,"2006-03-31":20390.45,"2012-03-31":63230.37,"2017-03-31":113658.5,"2010-03-31":47322.48,"2009-03-31":42915.29,"2007-03-31":22184.13}],["Depreciation",{"2008-03-31":679.98,"2016-03-31":1700.3,"2014-03-31":1333.94,"2011-03-31":990.49,"2015-03-31":1116.49,"2013-03-31":1139.61,"2006-03-31":763.68,"2012-03-31":1007.17,"2017-03-31":2293.31,"2010-03-31":932.66,"2009-03-31":763.14,"2007-03-31":602.39}],["Profit before tax",{"2008-03-31":10438.89,"2016-03-31":13774.06,"2014-03-31":16173.88,"2011-03-31":14954.23,"2015-03-31":19313.97,"2013-03-31":19950.89,"2006-03-31":6906.15,"2012-03-31":18483.31,"2017-03-31":14855.17,"2010-03-31":13926.08,"2009-03-31":14180.65,"2007-03-31":7625.08}],["Tax",{"2008-03-31":3709.77,"2016-03-31":3823.4,"2014-03-31":5282.71,"2011-03-31":6689.71,"2015-03-31":6212.39,"2013-03-31":5845.91,"2006-03-31":2499.48,"2012-03-31":6776.02,"2017-03-31":4371.07,"2010-03-31":4760.03,"2009-03-31":5059.42,"2007-03-31":3083.77}],["Net Profit",{"2008-03-31":6729.12,"2016-03-31":9950.65,"2014-03-31":10891.17,"2011-03-31":8264.52,"2015-03-31":13101.57,"2013-03-31":14104.98,"2006-03-31":4406.67,"2012-03-31":11707.29,"2017-03-31":10484.1,"2010-03-31":9166.05,"2009-03-31":9121.23,"2007-03-31":4541.31}],["EPS (unadj)",{"2008-03-31":103.94,"2016-03-31":12.39,"2014-03-31":141.88,"2011-03-31":126.27,"2015-03-31":16.97,"2013-03-31":200.71,"2006-03-31":81.77,"2012-03-31":170.05,"2017-03-31":12.76,"2010-03-31":140.65,"2009-03-31":139.76,"2007-03-31":83.91}],["Dividend Payout",{"2008-03-31":20.18,"2016-03-31":20.29,"2014-03-31":20.57,"2011-03-31":23.05,"2015-03-31":19.95,"2013-03-31":20.13,"2006-03-31":16.72,"2012-03-31":20.06,"2017-03-31":19.78,"2010-03-31":20.78,"2009-03-31":20.19,"2007-03-31":16.22}]],"cashflow":[["Cash from Operating Activity",{"2008-03-31":-1075.46,"2016-03-31":11196.55,"2014-03-31":14107.42,"2011-03-31":34282.27,"2015-03-31":27621.03,"2013-03-31":21652.67,"2006-03-31":5607.74,"2012-03-31":-28468.59,"2017-03-31":11060.32,"2010-03-31":-11800.12,"2009-03-31":31537.89,"2007-03-31":-1788.87}],["Cash from Investing Activity",{"2008-03-31":-2798.01,"2016-03-31":-2990.55,"2014-03-31":-189.12,"2011-03-31":346.06,"2015-03-31":-3125.76,"2013-03-31":-735.95,"2006-03-31":-739.43,"2012-03-31":609.94,"2017-03-31":-4776.06,"2010-03-31":-3055.3,"2009-03-31":302.19,"2007-03-31":-296.55}],["Cash from Financing Activity",{"2008-03-31":19371.12,"2016-03-31":4505.88,"2014-03-31":3811.17,"2011-03-31":2057.11,"2015-03-31":-2289.12,"2013-03-31":-3259.72,"2006-03-31":369.59,"2012-03-31":2147.66,"2017-03-31":-1780.27,"2010-03-31":-3359.67,"2009-03-31":5097.38,"2007-03-31":9494.11}],["Net Cash Flow",{"2008-03-31":15497.65,"2016-03-31":12711.87,"2014-03-31":17729.47,"2011-03-31":36685.44,"2015-03-31":22206.15,"2013-03-31":17657.0,"2006-03-31":5237.9,"2012-03-31":-25710.99,"2017-03-31":4503.99,"2010-03-31":-18215.09,"2009-03-31":36937.46,"2007-03-31":7408.69}]],"quarters":[["Sales",{"2016-06-30":41718.52,"2016-12-31":43925.59,"2017-03-31":47392.57,"2017-06-30":54905.42,"2015-06-30":39642.89,"2015-03-31":40101.16,"2017-09-30":54849.72,"2015-12-31":40644.04,"2016-03-31":42941.77,"2017-12-31":54802.89,"2016-09-30":42481.55,"2015-09-30":40657.56}],["Expenses",{"2016-06-30":18006.63,"2016-12-31":20813.03,"2017-03-31":24111.85,"2017-06-30":22667.09,"2015-06-30":13617.64,"2015-03-31":17410.56,"2017-09-30":33740.27,"2015-12-31":18135.44,"2016-03-31":24968.53,"2017-12-31":33893.33,"2016-09-30":19534.0,"2015-09-30":14544.51}],["Operating Profit",{"2016-06-30":23711.89,"2016-12-31":23112.56,"2017-03-31":23280.72,"2017-06-30":32238.33,"2015-06-30":26025.25,"2015-03-31":22690.6,"2017-09-30":21109.45,"2015-12-31":22508.6,"2016-03-31":17973.24,"2017-12-31":20909.56,"2016-09-30":22947.55,"2015-09-30":26113.05}],["OPM",{"2016-06-30":56.84,"2016-12-31":52.62,"2017-03-31":49.12,"2017-06-30":58.72,"2015-06-30":65.65,"2015-03-31":56.58,"2017-09-30":38.49,"2015-12-31":55.38,"2016-03-31":41.85,"2017-12-31":38.15,"2016-09-30":54.02,"2015-09-30":64.23}],["Other Income",{"2016-06-30":7210.08,"2016-12-31":9661.92,"2017-03-31":10327.5,"2017-06-30":8005.66,"2015-06-30":5087.98,"2015-03-31":8515.25,"2017-09-30":16016.08,"2015-12-31":6086.97,"2016-03-31":10585.2,"2017-12-31":8084.17,"2016-09-30":8261.44,"2015-09-30":6197.25}],["Depreciation",{"2016-06-30":0.0,"2016-12-31":0.0,"2017-03-31":0.0,"2017-06-30":0.0,"2015-06-30":0.0,"2015-03-31":0.0,"2017-09-30":0.0,"2015-12-31":0.0,"2016-03-31":0.0,"2017-12-31":0.0,"2016-09-30":0.0,"2015-09-30":0.0}],["Interest",{"2016-06-30":27281.21,"2016-12-31":29174.05,"2017-03-31":29321.85,"2017-06-30":37299.41,"2015-06-30":25910.86,"2015-03-31":25389.4,"2017-09-30":36263.82,"2015-12-31":26947.03,"2016-03-31":27540.59,"2017-12-31":36115.37,"2016-09-30":27881.39,"2015-09-30":26405.01}],["Profit before tax",{"2016-06-30":3640.76,"2016-12-31":3600.43,"2017-03-31":4286.37,"2017-06-30":2944.58,"2015-06-30":5202.37,"2015-03-31":5816.45,"2017-09-30":861.71,"2015-12-31":1648.54,"2016-03-31":1017.85,"2017-12-31":-7121.64,"2016-09-30":3327.6,"2015-09-30":5905.29}],["Tax",{"2016-06-30":1119.8,"2016-12-31":990.43,"2017-03-31":1471.55,"2017-06-30":939.05,"2015-06-30":1509.94,"2015-03-31":2074.43,"2017-09-30":-719.84,"2015-12-31":533.2,"2016-03-31":-245.96,"2017-12-31":-4705.27,"2016-09-30":789.28,"2015-09-30":2026.22}],["Net Profit",{"2016-06-30":2520.96,"2016-12-31":2610.0,"2017-03-31":2814.82,"2017-06-30":2005.53,"2015-06-30":3692.43,"2015-03-31":3742.02,"2017-09-30":1581.55,"2015-12-31":1115.34,"2016-03-31":1263.81,"2017-12-31":-2416.37,"2016-09-30":2538.32,"2015-09-30":3879.07}]]},"bse_code":"500112","short_name":"St Bk of India","nse_code":"SBIN","companyrating_set":[{"rating__rating":"CRISIL A1+","instrument":"Certificate of Deposit","rating__source":"crisil","link":"http://www.crisil.com/ratings/company-wise-ratings.jsp?txtSearch=State Bank of India"},{"rating__rating":"[ICRA]AAA (stable)","instrument":"Financial Sector Rating-Long Term","rating__source":"icra","link":"http://icra.in/search.aspx?word=State Bank of India"},{"rating__rating":"[ICRA]AAA(hyb)(sta ble)","instrument":"Financial Sector Rating-Long Term","rating__source":"icra","link":"http://icra.in/search.aspx?word=State Bank of India"},{"rating__rating":"MAAA(stable)","instrument":"Financial Sector Rating-Medium Term","rating__source":"icra","link":"http://icra.in/search.aspx?word=State Bank of India"},{"rating__rating":"[ICRA]A1+","instrument":"Financial Sector Rating-Short Term","rating__source":"icra","link":"http://icra.in/search.aspx?word=State Bank of India"},{"rating__rating":"FAAA(Stable)","instrument":"Fixed Deposit","rating__source":"crisil","link":"http://www.crisil.com/ratings/company-wise-ratings.jsp?txtSearch=State Bank of India"},{"rating__rating":"IND AAA(Stable)","instrument":"Long Term Rating","rating__source":"fitch","link":"http://www.indiaratings.co.in/search/search.jsp?q=State Bank of India"},{"rating__rating":"CRISIL AAA(Stable)","instrument":"Lower Tier II Bonds","rating__source":"crisil","link":"http://www.crisil.com/ratings/company-wise-ratings.jsp?txtSearch=State Bank of India"},{"rating__rating":"CARE AAA","instrument":"LT InstrumentsBonds","rating__source":"care","link":"http://google.com/search?btnI=1&q=State Bank of India+site:careratings.com"},{"rating__rating":"CRISIL AAA(Stable)","instrument":"Perpetual Tier I Bonds","rating__source":"crisil","link":"http://www.crisil.com/ratings/company-wise-ratings.jsp?txtSearch=State Bank of India"},{"rating__rating":"CRISIL AAA(Stable)","instrument":"Tier II Bonds (Under Basel III)","rating__source":"crisil","link":"http://www.crisil.com/ratings/company-wise-ratings.jsp?txtSearch=State Bank of India"},{"rating__rating":"CRISIL AAA(Stable)","instrument":"Upper Tier II Bonds","rating__source":"crisil","link":"http://www.crisil.com/ratings/company-wise-ratings.jsp?txtSearch=State Bank of India"}],"annualreport_set":[{"source":"bse","report_date":2017,"link":"http://www.bseindia.com/bseplus/AnnualReport/500112/5001120317.pdf"},{"source":"bse","report_date":2016,"link":"http://www.bseindia.com/bseplus/AnnualReport/500112/5001120316.pdf"},{"source":"bse","report_date":2015,"link":"http://www.bseindia.com/bseplus/AnnualReport/500112/5001120315.pdf"},{"source":"bse","report_date":2014,"link":"http://www.bseindia.com/bseplus/AnnualReport/500112/5001120314.pdf"},{"source":"bse","report_date":2013,"link":"http://www.bseindia.com/bseplus/annualreport/500112/5001120313.pdf"},{"source":"bse","report_date":2012,"link":"http://www.bseindia.com/bseplus/annualreport/500112/5001120312.PDF"},{"source":"bse","report_date":2011,"link":"http://www.bseindia.com/bseplus/annualreport/500112/5001120311.pdf"},{"source":"bse","report_date":2010,"link":"http://www.bseindia.com/bseplus/annualreport/500112/500112_2009-10.pdf"}],"announcement_set":[{"ann_date":"07 Apr 2018","announcement":"Announcement Under Regulation 30 Of SEBI (LODR) Regulations, 2015","link":"https://www.bseindia.com/corporates/anndet_new.aspx?newsid=f3e5f384-97ad-4d0b-aea6-1700217a32c5"},{"ann_date":"05 Apr 2018","announcement":"Shareholding for the Period Ended March 27, 2018","link":"https://www.bseindia.com/corporates/anndet_new.aspx?newsid=20f3703a-b15a-46a6-92c4-aa5915d6d0b4"},{"ann_date":"04 Apr 2018","announcement":"Disclosure Under Regulation 30 Of SEBI (LODR) Regulations 2015","link":"https://www.bseindia.com/corporates/anndet_new.aspx?newsid=51439a5f-9796-44f2-84a6-49579e1218db"},{"ann_date":"04 Apr 2018","announcement":"Compliance Certificate For The Period Ended 31St March, 2018","link":"https://www.bseindia.com/corporates/anndet_new.aspx?newsid=1f523792-e88c-4eeb-82ea-bd1192352aba"},{"ann_date":"02 Apr 2018","announcement":"Payment of Interest","link":"https://www.bseindia.com/corporates/anndet_new.aspx?newsid=e7336258-64bb-41a0-97cd-22930db13bcc"}],"warehouse_set":{"high_price":351.3,"low_price":232.35,"sales_growth":23.9,"current_price":259.7,"dividend_yield":0.89,"face_value":1.0,"id":1762,"sales_growth_3years":8.78,"profit_growth_5years":-2.18,"average_return_on_equity_3years":8.19,"book_value":176.89,"status":"Active","pair_url":"/company/SBIN/consolidated","sales_growth_10years":15.24,"average_return_on_equity_10years":10.97,"profit_growth":-55.38,"market_capitalization":231771.54,"profit_growth_10years":5.09,"price_to_earning":22.05,"industry":"Banks","analysis":{"remarks":[],"bad":["Company has low interest coverage ratio.","The company has delivered a poor growth of 10.50% over past five years.","Company has a low return on equity of 8.19% for last 3 years.","Contingent liabilities of Rs.1112081.35 Cr.","Company might be capitalizing the interest cost","Earnings include an other income of Rs.42433.41 Cr."],"good":["Company has been maintaining a healthy dividend payout of 19.99%"]},"result_type":"sa","profit_growth_3years":-1.26,"sales_growth_5years":10.5,"return_on_equity":6.98,"average_return_on_equity_5years":9.64},"id":3188,"name":"State Bank of India"}
