{"prime":"con","number_set":{"balancesheet":[["Share Capital",{"2008-03-31":68.91,"2016-03-31":58.44,"2014-03-31":58.44,"2011-03-31":61.52,"2015-03-31":58.44,"2013-03-31":58.44,"2006-03-31":65.55,"2012-03-31":58.44,"2017-03-31":58.44,"2010-03-31":61.52,"2009-03-31":61.71,"2007-03-31":68.91}],["Reserves",{"2008-03-31":844.58,"2016-03-31":2745.19,"2014-03-31":2075.87,"2011-03-31":1522.37,"2015-03-31":2310.28,"2013-03-31":1924.46,"2006-03-31":470.24,"2012-03-31":1732.53,"2017-03-31":3086.41,"2010-03-31":1149.98,"2009-03-31":857.4,"2007-03-31":745.95}],["Borrowings",{"2008-03-31":498.64,"2016-03-31":1707.41,"2014-03-31":1270.99,"2011-03-31":812.16,"2015-03-31":1493.34,"2013-03-31":1064.76,"2006-03-31":603.84,"2012-03-31":994.23,"2017-03-31":1658.19,"2010-03-31":939.35,"2009-03-31":884.83,"2007-03-31":483.64}],["Other Liabilities",{"2008-03-31":537.92,"2016-03-31":1010.93,"2014-03-31":1069.43,"2011-03-31":850.55,"2015-03-31":1016.55,"2013-03-31":820.99,"2006-03-31":436.9,"2012-03-31":847.52,"2017-03-31":1324.01,"2010-03-31":739.51,"2009-03-31":564.84,"2007-03-31":470.2}],["Total Liabilities",{"2008-03-31":1950.04,"2016-03-31":5521.97,"2014-03-31":4474.73,"2011-03-31":3246.59,"2015-03-31":4878.61,"2013-03-31":3868.65,"2006-03-31":1576.52,"2012-03-31":3632.72,"2017-03-31":6127.05,"2010-03-31":2890.35,"2009-03-31":2368.77,"2007-03-31":1768.69}],["Fixed Assets",{"2008-03-31":1146.37,"2016-03-31":3305.27,"2014-03-31":2760.0,"2011-03-31":1806.37,"2015-03-31":3134.83,"2013-03-31":2182.98,"2006-03-31":851.74,"2012-03-31":1860.78,"2017-03-31":3616.95,"2010-03-31":1771.74,"2009-03-31":1379.65,"2007-03-31":1047.94}],["CWIP",{"2008-03-31":89.3,"2016-03-31":130.22,"2014-03-31":121.38,"2011-03-31":113.07,"2015-03-31":118.15,"2013-03-31":219.69,"2006-03-31":245.5,"2012-03-31":414.26,"2017-03-31":271.83,"2010-03-31":127.07,"2009-03-31":280.8,"2007-03-31":114.5}],["Investments",{"2008-03-31":147.53,"2016-03-31":248.53,"2014-03-31":118.21,"2011-03-31":201.9,"2015-03-31":177.87,"2013-03-31":227.74,"2006-03-31":96.07,"2012-03-31":218.7,"2017-03-31":279.48,"2010-03-31":164.62,"2009-03-31":133.6,"2007-03-31":99.07}],["Other Assets",{"2008-03-31":566.84,"2016-03-31":1837.95,"2014-03-31":1475.14,"2011-03-31":1125.25,"2015-03-31":1447.76,"2013-03-31":1238.24,"2006-03-31":383.21,"2012-03-31":1138.98,"2017-03-31":1958.79,"2010-03-31":826.92,"2009-03-31":574.72,"2007-03-31":507.18}],["Total Assets",{"2008-03-31":1950.04,"2016-03-31":5521.97,"2014-03-31":4474.73,"2011-03-31":3246.59,"2015-03-31":4878.61,"2013-03-31":3868.65,"2006-03-31":1576.52,"2012-03-31":3632.72,"2017-03-31":6127.05,"2010-03-31":2890.35,"2009-03-31":2368.77,"2007-03-31":1768.69}]],"annual":[["Sales",{"2008-03-31":1615.3,"2016-03-31":3639.42,"2014-03-31":3417.15,"2011-03-31":3063.28,"2015-03-31":3613.99,"2013-03-31":3322.54,"2006-03-31":1292.29,"2012-03-31":3530.25,"2017-03-31":3883.03,"2010-03-31":2181.08,"2009-03-31":1800.82,"2007-03-31":1802.45}],["Expenses",{"2008-03-31":1300.03,"2016-03-31":2832.05,"2014-03-31":2910.52,"2011-03-31":2199.77,"2015-03-31":2956.82,"2013-03-31":2744.76,"2006-03-31":1043.45,"2012-03-31":2726.64,"2017-03-31":3061.56,"2010-03-31":1596.02,"2009-03-31":1422.61,"2007-03-31":1259.67}],["Operating Profit",{"2008-03-31":315.27,"2016-03-31":807.37,"2014-03-31":506.63,"2011-03-31":863.51,"2015-03-31":657.17,"2013-03-31":577.78,"2006-03-31":248.84,"2012-03-31":803.61,"2017-03-31":821.47,"2010-03-31":585.06,"2009-03-31":378.21,"2007-03-31":542.78}],["OPM",{"2008-03-31":19.52,"2016-03-31":22.18,"2014-03-31":14.83,"2011-03-31":28.19,"2015-03-31":18.18,"2013-03-31":17.39,"2006-03-31":19.26,"2012-03-31":22.76,"2017-03-31":21.16,"2010-03-31":26.82,"2009-03-31":21.0,"2007-03-31":30.11}],["Other Income",{"2008-03-31":19.99,"2016-03-31":36.99,"2014-03-31":24.71,"2011-03-31":43.37,"2015-03-31":47.35,"2013-03-31":43.75,"2006-03-31":11.72,"2012-03-31":28.02,"2017-03-31":46.11,"2010-03-31":68.16,"2009-03-31":18.27,"2007-03-31":13.5}],["Interest",{"2008-03-31":36.07,"2016-03-31":95.43,"2014-03-31":70.02,"2011-03-31":77.69,"2015-03-31":99.56,"2013-03-31":84.65,"2006-03-31":39.28,"2012-03-31":104.09,"2017-03-31":77.53,"2010-03-31":68.05,"2009-03-31":51.11,"2007-03-31":36.4}],["Depreciation",{"2008-03-31":96.72,"2016-03-31":233.11,"2014-03-31":190.46,"2011-03-31":151.71,"2015-03-31":208.85,"2013-03-31":184.28,"2006-03-31":62.85,"2012-03-31":161.68,"2017-03-31":241.98,"2010-03-31":131.26,"2009-03-31":99.4,"2007-03-31":76.77}],["Profit before tax",{"2008-03-31":202.47,"2016-03-31":515.82,"2014-03-31":270.87,"2011-03-31":677.48,"2015-03-31":396.11,"2013-03-31":352.59,"2006-03-31":158.43,"2012-03-31":565.86,"2017-03-31":548.07,"2010-03-31":453.91,"2009-03-31":245.97,"2007-03-31":443.11}],["Tax",{"2008-03-31":63.74,"2016-03-31":143.95,"2014-03-31":54.32,"2011-03-31":194.04,"2015-03-31":88.38,"2013-03-31":94.08,"2006-03-31":53.66,"2012-03-31":178.48,"2017-03-31":129.25,"2010-03-31":144.49,"2009-03-31":82.69,"2007-03-31":154.04}],["Net Profit",{"2008-03-31":138.73,"2016-03-31":371.87,"2014-03-31":216.55,"2011-03-31":483.44,"2015-03-31":307.73,"2013-03-31":258.51,"2006-03-31":104.77,"2012-03-31":387.38,"2017-03-31":418.82,"2010-03-31":309.42,"2009-03-31":163.28,"2007-03-31":289.07}],["EPS (unadj)",{"2008-03-31":19.3,"2016-03-31":61.63,"2014-03-31":35.42,"2011-03-31":76.31,"2015-03-31":50.84,"2013-03-31":42.64,"2006-03-31":15.57,"2012-03-31":64.03,"2017-03-31":69.27,"2010-03-31":47.96,"2009-03-31":24.74,"2007-03-31":41.07}],["Dividend Payout",{"2008-03-31":26.61,"2016-03-31":16.53,"2014-03-31":28.39,"2011-03-31":18.7,"2015-03-31":19.98,"2013-03-31":23.78,"2006-03-31":20.18,"2012-03-31":22.22,"2017-03-31":17.61,"2010-03-31":30.07,"2009-03-31":45.22,"2007-03-31":15.32}]],"cashflow":[["Cash from Operating Activity",{"2008-03-31":227.86,"2016-03-31":819.27,"2014-03-31":380.88,"2011-03-31":570.28,"2015-03-31":507.67,"2013-03-31":375.13,"2006-03-31":141.56,"2012-03-31":665.45,"2017-03-31":549.5,"2010-03-31":510.47,"2009-03-31":384.44,"2007-03-31":291.52}],["Cash from Investing Activity",{"2008-03-31":-191.32,"2016-03-31":-578.17,"2014-03-31":-403.41,"2011-03-31":-183.01,"2015-03-31":-550.36,"2013-03-31":-340.15,"2006-03-31":-331.29,"2012-03-31":-487.56,"2017-03-31":-592.27,"2010-03-31":-352.95,"2009-03-31":-436.13,"2007-03-31":-146.29}],["Cash from Financing Activity",{"2008-03-31":-47.22,"2016-03-31":-17.81,"2014-03-31":19.64,"2011-03-31":-349.02,"2015-03-31":32.94,"2013-03-31":-87.56,"2006-03-31":189.08,"2012-03-31":-112.58,"2017-03-31":-189.68,"2010-03-31":-95.27,"2009-03-31":47.05,"2007-03-31":-135.75}],["Net Cash Flow",{"2008-03-31":-10.68,"2016-03-31":223.29,"2014-03-31":-2.89,"2011-03-31":38.25,"2015-03-31":-9.75,"2013-03-31":-52.58,"2006-03-31":-0.65,"2012-03-31":65.31,"2017-03-31":-232.45,"2010-03-31":62.25,"2009-03-31":-4.64,"2007-03-31":9.48}]],"quarters":[["Sales",{"2016-06-30":984.83,"2016-12-31":908.18,"2017-03-31":1090.93,"2017-06-30":1036.51,"2015-06-30":965.32,"2015-03-31":862.15,"2017-09-30":1039.33,"2015-12-31":857.92,"2016-03-31":904.09,"2017-12-31":1144.2,"2016-09-30":899.09,"2015-09-30":912.09}],["Expenses",{"2016-06-30":736.16,"2016-12-31":717.34,"2017-03-31":885.89,"2017-06-30":862.18,"2015-06-30":732.5,"2015-03-31":719.14,"2017-09-30":860.84,"2015-12-31":668.49,"2016-03-31":715.92,"2017-12-31":920.94,"2016-09-30":703.26,"2015-09-30":710.56}],["Operating Profit",{"2016-06-30":248.67,"2016-12-31":190.84,"2017-03-31":205.04,"2017-06-30":174.33,"2015-06-30":232.82,"2015-03-31":143.01,"2017-09-30":178.49,"2015-12-31":189.43,"2016-03-31":188.17,"2017-12-31":223.26,"2016-09-30":195.83,"2015-09-30":201.53}],["OPM",{"2016-06-30":25.25,"2016-12-31":21.01,"2017-03-31":18.79,"2017-06-30":16.82,"2015-06-30":24.12,"2015-03-31":16.59,"2017-09-30":17.17,"2015-12-31":22.08,"2016-03-31":20.81,"2017-12-31":19.51,"2016-09-30":21.78,"2015-09-30":22.1}],["Other Income",{"2016-06-30":7.6,"2016-12-31":5.66,"2017-03-31":6.15,"2017-06-30":21.09,"2015-06-30":5.5,"2015-03-31":6.03,"2017-09-30":15.77,"2015-12-31":6.36,"2016-03-31":13.46,"2017-12-31":21.06,"2016-09-30":7.78,"2015-09-30":8.27}],["Depreciation",{"2016-06-30":58.97,"2016-12-31":60.55,"2017-03-31":63.2,"2017-06-30":65.96,"2015-06-30":63.45,"2015-03-31":55.67,"2017-09-30":67.07,"2015-12-31":61.81,"2016-03-31":59.14,"2017-12-31":67.43,"2016-09-30":59.26,"2015-09-30":63.0}],["Interest",{"2016-06-30":21.26,"2016-12-31":20.67,"2017-03-31":18.01,"2017-06-30":20.45,"2015-06-30":24.68,"2015-03-31":22.22,"2017-09-30":24.35,"2015-12-31":22.13,"2016-03-31":25.49,"2017-12-31":17.54,"2016-09-30":17.59,"2015-09-30":23.61}],["Profit before tax",{"2016-06-30":176.04,"2016-12-31":115.28,"2017-03-31":129.98,"2017-06-30":109.01,"2015-06-30":150.19,"2015-03-31":71.15,"2017-09-30":102.84,"2015-12-31":111.85,"2016-03-31":117.0,"2017-12-31":159.35,"2016-09-30":126.76,"2015-09-30":123.19}],["Tax",{"2016-06-30":46.48,"2016-12-31":23.08,"2017-03-31":34.09,"2017-06-30":20.53,"2015-06-30":44.66,"2015-03-31":12.36,"2017-09-30":13.09,"2015-12-31":32.03,"2016-03-31":26.61,"2017-12-31":37.78,"2016-09-30":25.61,"2015-09-30":35.12}],["Net Profit",{"2016-06-30":129.56,"2016-12-31":92.2,"2017-03-31":95.89,"2017-06-30":88.48,"2015-06-30":105.53,"2015-03-31":58.79,"2017-09-30":89.75,"2015-12-31":79.82,"2016-03-31":90.39,"2017-12-31":121.57,"2016-09-30":101.15,"2015-09-30":88.07}]]},"bse_code":"503806","short_name":"SRF","nse_code":"SRF","companyrating_set":[],"annualreport_set":[{"source":"bse","report_date":2017,"link":"http://www.bseindia.com/bseplus/AnnualReport/503806/5038060317.pdf"},{"source":"bse","report_date":2016,"link":"http://www.bseindia.com/bseplus/AnnualReport/503806/5038060316.pdf"},{"source":"bse","report_date":2015,"link":"http://www.bseindia.com/bseplus/AnnualReport/503806/5038060315.pdf"},{"source":"bse","report_date":2014,"link":"http://www.bseindia.com/bseplus/AnnualReport/503806/5038060314.pdf"},{"source":"bse","report_date":2013,"link":"http://www.bseindia.com/bseplus/annualreport/503806/5038060313.pdf"},{"source":"nse","report_date":2013,"link":"http://nseindia.com/annual_reports/AR_475_SRF_2012_2013_12072013112719.zip"},{"source":"bse","report_date":2012,"link":"http://www.bseindia.com/bseplus/annualreport/503806/5038060312.PDF"},{"source":"bse","report_date":2011,"link":"http://www.bseindia.com/bseplus/annualreport/503806/5038060311.pdf"},{"source":"nse","report_date":2011,"link":"http://nseindia.com/annual_reports/AR_SRF_2010_2011_05072011150505.zip"},{"source":"bse","report_date":2010,"link":"http://www.bseindia.com/bseplus/annualreport/503806/5038060310.pdf"}],"announcement_set":[{"ann_date":"03 Apr 2018","announcement":"Announcement under Regulation 30 (LODR)-Newspaper Publication","link":"https://www.bseindia.com/corporates/anndet_new.aspx?newsid=1668328d-f3e9-49b0-9b85-c5a2461e1bad"},{"ann_date":"29 Mar 2018","announcement":"Disclosure of Voting results of Postal Ballot (Regulation 44(3) of SEBI (LODR) Regulations, 2015)","link":"https://www.bseindia.com/corporates/anndet_new.aspx?newsid=1eb991fd-4e47-46bb-9529-db144984d24e"},{"ann_date":"28 Mar 2018","announcement":"Disclosure Of Voting Results Of Postal Ballot (Including Voting By Electronic Means) As Per Regulation 44(3) SEBI (Listing Obligations And Disclosure Requirements) Regulations, 2015","link":"https://www.bseindia.com/corporates/anndet_new.aspx?newsid=8199eebf-ea6c-4c71-a351-ab1f7d17dd24"},{"ann_date":"27 Feb 2018","announcement":"Announcement under Regulation 30 (LODR)-Newspaper Publication","link":"https://www.bseindia.com/corporates/anndet_new.aspx?newsid=9b604583-56ac-4b4b-9534-19f482c1cfe6"},{"ann_date":"26 Feb 2018","announcement":"Announcement under Regulation 30 (LODR)-Updates","link":"https://www.bseindia.com/corporates/anndet_new.aspx?newsid=476bc542-ee00-464c-affa-1a7ab92dc46b"}],"warehouse_set":{"high_price":2065.0,"low_price":1415.25,"sales_growth":16.63,"current_price":2042.1,"dividend_yield":0.63,"face_value":10.0,"id":834,"sales_growth_3years":4.35,"profit_growth_5years":1.82,"average_return_on_equity_3years":13.94,"book_value":599.9,"status":"Active","pair_url":"/company/SRF/consolidated","sales_growth_10years":10.24,"average_return_on_equity_10years":18.11,"profit_growth":-4.26,"market_capitalization":11725.74,"profit_growth_10years":11.77,"price_to_earning":29.63,"industry":"Textiles","analysis":{"remarks":[],"bad":["Stock is trading at 3.40 times its book value","The company has delivered a poor growth of 1.92% over past five years.","Company has a low return on equity of 13.94% for last 3 years.","Company might be capitalizing the interest cost"],"good":["Company has been maintaining a healthy dividend payout of 17.91%"]},"result_type":"sa","profit_growth_3years":24.89,"sales_growth_5years":1.92,"return_on_equity":14.13,"average_return_on_equity_5years":13.14},"id":3108,"name":"SRF Ltd"}
