{"prime":"sa","number_set":{"balancesheet":[["Share Capital",{"2008-03-31":203.16,"2016-03-31":226.91,"2014-03-31":226.91,"2011-03-31":226.18,"2015-03-31":226.91,"2013-03-31":226.89,"2006-03-31":169.21,"2012-03-31":226.32,"2017-03-31":226.91,"2010-03-31":225.54,"2009-03-31":203.53,"2007-03-31":184.18}],["Reserves",{"2008-03-31":1588.99,"2016-03-31":9927.21,"2014-03-31":8046.31,"2011-03-31":4678.21,"2015-03-31":9011.06,"2013-03-31":6967.85,"2006-03-31":646.23,"2012-03-31":5765.99,"2017-03-31":11075.32,"2010-03-31":3609.22,"2009-03-31":2088.96,"2007-03-31":882.23}],["Borrowings",{"2008-03-31":14773.03,"2016-03-31":49790.7,"2014-03-31":35924.61,"2011-03-31":19881.71,"2015-03-31":44276.18,"2013-03-31":31002.37,"2006-03-31":4436.1,"2012-03-31":23127.36,"2017-03-31":53110.1,"2010-03-31":18459.91,"2009-03-31":20121.31,"2007-03-31":8709.27}],["Other Liabilities",{"2008-03-31":1712.59,"2016-03-31":8024.24,"2014-03-31":5049.44,"2011-03-31":6850.32,"2015-03-31":5823.09,"2013-03-31":6268.8,"2006-03-31":836.99,"2012-03-31":6666.74,"2017-03-31":10000.02,"2010-03-31":4685.53,"2009-03-31":2610.51,"2007-03-31":1063.89}],["Total Liabilities",{"2008-03-31":18277.77,"2016-03-31":67969.06,"2014-03-31":49247.27,"2011-03-31":31636.42,"2015-03-31":59337.24,"2013-03-31":44465.91,"2006-03-31":6069.88,"2012-03-31":35786.41,"2017-03-31":74412.35,"2010-03-31":26980.2,"2009-03-31":25024.31,"2007-03-31":10839.57}],["Fixed Assets",{"2008-03-31":142.64,"2016-03-31":101.06,"2014-03-31":100.66,"2011-03-31":36.39,"2015-03-31":100.72,"2013-03-31":60.05,"2006-03-31":131.49,"2012-03-31":37.71,"2017-03-31":83.78,"2010-03-31":46.45,"2009-03-31":134.27,"2007-03-31":127.6}],["CWIP",{"2008-03-31":0.0,"2016-03-31":0.0,"2014-03-31":0.0,"2011-03-31":0.0,"2015-03-31":0.0,"2013-03-31":0.0,"2006-03-31":25.73,"2012-03-31":0.0,"2017-03-31":0.0,"2010-03-31":0.0,"2009-03-31":0.0,"2007-03-31":39.87}],["Investments",{"2008-03-31":1385.12,"2016-03-31":1356.17,"2014-03-31":2725.26,"2011-03-31":3645.66,"2015-03-31":3327.19,"2013-03-31":3568.91,"2006-03-31":9.15,"2012-03-31":3954.44,"2017-03-31":1549.34,"2010-03-31":1856.02,"2009-03-31":654.76,"2007-03-31":224.57}],["Other Assets",{"2008-03-31":16750.01,"2016-03-31":66511.83,"2014-03-31":46421.35,"2011-03-31":27954.37,"2015-03-31":55909.33,"2013-03-31":40836.95,"2006-03-31":5903.51,"2012-03-31":31794.26,"2017-03-31":72779.23,"2010-03-31":25077.73,"2009-03-31":24235.28,"2007-03-31":10447.53}],["Total Assets",{"2008-03-31":18277.77,"2016-03-31":67969.06,"2014-03-31":49247.27,"2011-03-31":31636.42,"2015-03-31":59337.24,"2013-03-31":44465.91,"2006-03-31":6069.88,"2012-03-31":35786.41,"2017-03-31":74412.35,"2010-03-31":26980.2,"2009-03-31":25024.31,"2007-03-31":10839.57}]],"annual":[["Sales",{"2008-03-31":2495.33,"2016-03-31":10289.88,"2014-03-31":7880.2,"2011-03-31":5393.31,"2015-03-31":8637.05,"2013-03-31":6558.23,"2006-03-31":894.5,"2012-03-31":5883.17,"2017-03-31":10828.82,"2010-03-31":4492.81,"2009-03-31":3697.18,"2007-03-31":1402.52}],["Expenses",{"2008-03-31":577.26,"2016-03-31":3388.33,"2014-03-31":2068.08,"2011-03-31":1224.05,"2015-03-31":2341.34,"2013-03-31":1626.56,"2006-03-31":null,"2012-03-31":1510.01,"2017-03-31":3652.64,"2010-03-31":909.53,"2009-03-31":805.68,"2007-03-31":385.45}],["Operating Profit",{"2008-03-31":1918.07,"2016-03-31":6901.55,"2014-03-31":5812.12,"2011-03-31":4169.26,"2015-03-31":6295.71,"2013-03-31":4931.67,"2006-03-31":null,"2012-03-31":4373.16,"2017-03-31":7176.18,"2010-03-31":3583.28,"2009-03-31":2891.5,"2007-03-31":1017.07}],["OPM",{"2008-03-31":76.87,"2016-03-31":67.07,"2014-03-31":73.76,"2011-03-31":77.3,"2015-03-31":72.89,"2013-03-31":75.2,"2006-03-31":null,"2012-03-31":74.33,"2017-03-31":66.27,"2010-03-31":79.76,"2009-03-31":78.21,"2007-03-31":72.52}],["Other Income",{"2008-03-31":21.44,"2016-03-31":3.6,"2014-03-31":8.06,"2011-03-31":7.74,"2015-03-31":7.68,"2013-03-31":11.08,"2006-03-31":14.17,"2012-03-31":10.71,"2017-03-31":1.79,"2010-03-31":3.08,"2009-03-31":41.61,"2007-03-31":23.3}],["Interest",{"2008-03-31":1296.62,"2016-03-31":5087.41,"2014-03-31":3963.01,"2011-03-31":2317.26,"2015-03-31":4420.48,"2013-03-31":2908.23,"2006-03-31":415.06,"2012-03-31":2489.5,"2017-03-31":5220.15,"2010-03-31":2246.81,"2009-03-31":1977.67,"2007-03-31":738.33}],["Depreciation",{"2008-03-31":37.06,"2016-03-31":36.31,"2014-03-31":29.14,"2011-03-31":10.82,"2015-03-31":40.51,"2013-03-31":18.33,"2006-03-31":9.69,"2012-03-31":13.46,"2017-03-31":33.91,"2010-03-31":14.96,"2009-03-31":34.81,"2007-03-31":12.82}],["Profit before tax",{"2008-03-31":605.83,"2016-03-31":1781.43,"2014-03-31":1828.04,"2011-03-31":1848.92,"2015-03-31":1842.38,"2013-03-31":2016.19,"2006-03-31":216.16,"2012-03-31":1880.91,"2017-03-31":1923.92,"2010-03-31":1324.59,"2009-03-31":920.63,"2007-03-31":289.22}],["Tax",{"2008-03-31":216.0,"2016-03-31":603.23,"2014-03-31":563.84,"2011-03-31":619.04,"2015-03-31":604.58,"2013-03-31":655.57,"2006-03-31":74.52,"2012-03-31":623.46,"2017-03-31":666.58,"2010-03-31":451.47,"2009-03-31":308.23,"2007-03-31":98.83}],["Net Profit",{"2008-03-31":389.83,"2016-03-31":1178.2,"2014-03-31":1264.21,"2011-03-31":1229.88,"2015-03-31":1237.81,"2013-03-31":1360.62,"2006-03-31":141.64,"2012-03-31":1257.45,"2017-03-31":1257.34,"2010-03-31":873.12,"2009-03-31":612.4,"2007-03-31":190.39}],["EPS (unadj)",{"2008-03-31":18.33,"2016-03-31":49.87,"2014-03-31":54.53,"2011-03-31":53.3,"2015-03-31":52.55,"2013-03-31":58.8,"2006-03-31":8.64,"2012-03-31":54.51,"2017-03-31":54.6,"2010-03-31":37.7,"2009-03-31":29.24,"2007-03-31":9.86}],["Dividend Payout",{"2008-03-31":26.06,"2016-03-31":19.26,"2014-03-31":12.57,"2011-03-31":11.96,"2015-03-31":18.33,"2013-03-31":11.67,"2006-03-31":31.9,"2012-03-31":11.7,"2017-03-31":18.05,"2010-03-31":15.5,"2009-03-31":16.62,"2007-03-31":29.03}]],"cashflow":[["Cash from Operating Activity",{"2008-03-31":-5768.01,"2016-03-31":-7906.0,"2014-03-31":-3778.44,"2011-03-31":-2045.44,"2015-03-31":-9906.14,"2013-03-31":-7003.46,"2006-03-31":-1990.88,"2012-03-31":-865.31,"2017-03-31":-2691.62,"2010-03-31":867.64,"2009-03-31":-1555.53,"2007-03-31":-2565.65}],["Cash from Investing Activity",{"2008-03-31":-1462.85,"2016-03-31":-19.98,"2014-03-31":-66.65,"2011-03-31":-3.18,"2015-03-31":-42.15,"2013-03-31":-39.98,"2006-03-31":66.88,"2012-03-31":-15.18,"2017-03-31":-16.87,"2010-03-31":-1961.79,"2009-03-31":263.55,"2007-03-31":-550.52}],["Cash from Financing Activity",{"2008-03-31":6462.63,"2016-03-31":5241.45,"2014-03-31":4687.82,"2011-03-31":1241.9,"2015-03-31":8123.95,"2013-03-31":7685.91,"2006-03-31":1791.31,"2012-03-31":3056.58,"2017-03-31":3046.32,"2010-03-31":-1043.29,"2009-03-31":5230.53,"2007-03-31":4351.95}],["Net Cash Flow",{"2008-03-31":-768.23,"2016-03-31":-2684.53,"2014-03-31":842.73,"2011-03-31":-806.72,"2015-03-31":-1824.34,"2013-03-31":642.47,"2006-03-31":-132.69,"2012-03-31":2176.09,"2017-03-31":337.84,"2010-03-31":-2137.44,"2009-03-31":3938.55,"2007-03-31":1235.78}]],"quarters":[["Sales",{"2016-06-30":2686.69,"2016-12-31":2716.94,"2017-03-31":2711.92,"2017-06-30":2898.39,"2015-06-30":2351.76,"2015-03-31":2310.69,"2017-09-30":2978.9,"2015-12-31":2567.33,"2016-03-31":2929.45,"2017-12-31":3087.67,"2016-09-30":2713.2,"2015-09-30":2423.53}],["Expenses",{"2016-06-30":798.04,"2016-12-31":901.97,"2017-03-31":1205.62,"2017-06-30":926.93,"2015-06-30":671.59,"2015-03-31":640.35,"2017-09-30":942.87,"2015-12-31":768.7,"2016-03-31":1261.42,"2017-12-31":970.97,"2016-09-30":779.73,"2015-09-30":701.05}],["Operating Profit",{"2016-06-30":1888.65,"2016-12-31":1814.97,"2017-03-31":1506.3,"2017-06-30":1971.46,"2015-06-30":1680.17,"2015-03-31":1670.34,"2017-09-30":2036.03,"2015-12-31":1798.63,"2016-03-31":1668.03,"2017-12-31":2116.7,"2016-09-30":1933.47,"2015-09-30":1722.48}],["OPM",{"2016-06-30":70.3,"2016-12-31":66.8,"2017-03-31":55.54,"2017-06-30":68.02,"2015-06-30":71.44,"2015-03-31":72.29,"2017-09-30":68.35,"2015-12-31":70.06,"2016-03-31":56.94,"2017-12-31":68.55,"2016-09-30":71.26,"2015-09-30":71.07}],["Other Income",{"2016-06-30":0.59,"2016-12-31":0.49,"2017-03-31":0.39,"2017-06-30":0.61,"2015-06-30":1.58,"2015-03-31":1.64,"2017-09-30":1.02,"2015-12-31":1.1,"2016-03-31":0.75,"2017-12-31":1.2,"2016-09-30":0.39,"2015-09-30":2.93}],["Depreciation",{"2016-06-30":8.81,"2016-12-31":8.39,"2017-03-31":7.98,"2017-06-30":8.1,"2015-06-30":9.18,"2015-03-31":9.5,"2017-09-30":8.8,"2015-12-31":8.81,"2016-03-31":9.16,"2017-12-31":9.15,"2016-09-30":8.73,"2015-09-30":9.16}],["Interest",{"2016-06-30":1310.78,"2016-12-31":1277.74,"2017-03-31":1267.74,"2017-06-30":1277.1,"2015-06-30":1193.56,"2015-03-31":1184.3,"2017-09-30":1299.92,"2015-12-31":1219.96,"2016-03-31":1442.4,"2017-12-31":1345.49,"2016-09-30":1331.16,"2015-09-30":1202.01}],["Profit before tax",{"2016-06-30":569.65,"2016-12-31":529.33,"2017-03-31":230.97,"2017-06-30":686.87,"2015-06-30":479.01,"2015-03-31":478.18,"2017-09-30":728.33,"2015-12-31":570.96,"2016-03-31":217.22,"2017-12-31":763.26,"2016-09-30":593.97,"2015-09-30":514.24}],["Tax",{"2016-06-30":195.55,"2016-12-31":183.37,"2017-03-31":81.34,"2017-06-30":238.19,"2015-06-30":157.9,"2015-03-31":161.45,"2017-09-30":249.22,"2015-12-31":195.89,"2016-03-31":73.3,"2017-12-31":267.63,"2016-09-30":206.32,"2015-09-30":176.14}],["Net Profit",{"2016-06-30":374.1,"2016-12-31":345.96,"2017-03-31":149.63,"2017-06-30":448.68,"2015-06-30":321.11,"2015-03-31":316.73,"2017-09-30":479.11,"2015-12-31":375.07,"2016-03-31":143.92,"2017-12-31":495.63,"2016-09-30":387.65,"2015-09-30":338.1}]]},"bse_code":"511218","short_name":"Shriram Trans.","nse_code":"SRTRANSFIN","companyrating_set":[{"rating__rating":"CRISIL AA(Positive)","instrument":"Bank Guarantee","rating__source":"crisil","link":"http://www.crisil.com/ratings/company-wise-ratings.jsp?txtSearch=Shriram Transport Finance Company Ltd"},{"rating__rating":"CRISIL A1+","instrument":"Bank Guarantee limit","rating__source":"crisil","link":"http://www.crisil.com/ratings/company-wise-ratings.jsp?txtSearch=Shriram Transport Finance Company Ltd"},{"rating__rating":"CRISIL AA(Positive)","instrument":"Cash Credit & Working Capital demand loan","rating__source":"crisil","link":"http://www.crisil.com/ratings/company-wise-ratings.jsp?txtSearch=Shriram Transport Finance Company Ltd"},{"rating__rating":"[ICRA]AA (stable)","instrument":"Financial Sector Rating-Long Term","rating__source":"icra","link":"http://icra.in/search.aspx?word=Shriram Transport Finance Company Ltd"},{"rating__rating":"MAA+(Stable)","instrument":"Financial Sector Rating-Medium Term","rating__source":"icra","link":"http://icra.in/search.aspx?word=Shriram Transport Finance Company Ltd"},{"rating__rating":"[ICRA]A1+","instrument":"Financial Sector Rating-Short Term","rating__source":"icra","link":"http://icra.in/search.aspx?word=Shriram Transport Finance Company Ltd"},{"rating__rating":"FAA+(Positive)","instrument":"Fixed Deposit","rating__source":"crisil","link":"http://www.crisil.com/ratings/company-wise-ratings.jsp?txtSearch=Shriram Transport Finance Company Ltd"},{"rating__rating":"CRISIL AA(Positive)","instrument":"Long-Term Bank Facility","rating__source":"crisil","link":"http://www.crisil.com/ratings/company-wise-ratings.jsp?txtSearch=Shriram Transport Finance Company Ltd"},{"rating__rating":"CRISIL AA(Positive)","instrument":"Non Convertible Debenture","rating__source":"crisil","link":"http://www.crisil.com/ratings/company-wise-ratings.jsp?txtSearch=Shriram Transport Finance Company Ltd"},{"rating__rating":"CRISIL AAA(SO)","instrument":"Pass Through Certificate","rating__source":"crisil","link":"http://www.crisil.com/ratings/company-wise-ratings.jsp?txtSearch=Shriram Transport Finance Company Ltd"},{"rating__rating":"CRISIL BBB(SO)","instrument":"Pass Through Certificate","rating__source":"crisil","link":"http://www.crisil.com/ratings/company-wise-ratings.jsp?txtSearch=Shriram Transport Finance Company Ltd"},{"rating__rating":"CRISIL AA(Positive)","instrument":"Proposed Long-Term Bank Facility","rating__source":"crisil","link":"http://www.crisil.com/ratings/company-wise-ratings.jsp?txtSearch=Shriram Transport Finance Company Ltd"},{"rating__rating":"CRISIL A1+","instrument":"Short Term Debt","rating__source":"crisil","link":"http://www.crisil.com/ratings/company-wise-ratings.jsp?txtSearch=Shriram Transport Finance Company Ltd"},{"rating__rating":"CRISIL A1+","instrument":"Short-Term Bank Facility","rating__source":"crisil","link":"http://www.crisil.com/ratings/company-wise-ratings.jsp?txtSearch=Shriram Transport Finance Company Ltd"},{"rating__rating":"CRISIL AA(SO)","instrument":"Structured Debt Obligation","rating__source":"crisil","link":"http://www.crisil.com/ratings/company-wise-ratings.jsp?txtSearch=Shriram Transport Finance Company Ltd"},{"rating__rating":"CRISIL AAA(SO)","instrument":"Structured Debt Obligation","rating__source":"crisil","link":"http://www.crisil.com/ratings/company-wise-ratings.jsp?txtSearch=Shriram Transport Finance Company Ltd"},{"rating__rating":"CRISIL BBB(SO)","instrument":"Structured Debt Obligation","rating__source":"crisil","link":"http://www.crisil.com/ratings/company-wise-ratings.jsp?txtSearch=Shriram Transport Finance Company Ltd"},{"rating__rating":"CRISIL A(SO)","instrument":"Structured Debt Obligation","rating__source":"crisil","link":"http://www.crisil.com/ratings/company-wise-ratings.jsp?txtSearch=Shriram Transport Finance Company Ltd"},{"rating__rating":"CRISIL A-(SO)","instrument":"Structured Debt Obligation","rating__source":"crisil","link":"http://www.crisil.com/ratings/company-wise-ratings.jsp?txtSearch=Shriram Transport Finance Company Ltd"},{"rating__rating":"CRISIL AA(Positive)","instrument":"Subordinated Debt","rating__source":"crisil","link":"http://www.crisil.com/ratings/company-wise-ratings.jsp?txtSearch=Shriram Transport Finance Company Ltd"}],"annualreport_set":[{"source":"bse","report_date":2017,"link":"http://www.bseindia.com/bseplus/AnnualReport/511218/5112180317.pdf"},{"source":"bse","report_date":2016,"link":"http://www.bseindia.com/bseplus/AnnualReport/511218/5112180316.pdf"},{"source":"bse","report_date":2015,"link":"http://www.bseindia.com/bseplus/AnnualReport/511218/5112180315.pdf"},{"source":"bse","report_date":2014,"link":"http://www.bseindia.com/bseplus/AnnualReport/511218/5112180314.pdf"},{"source":"bse","report_date":2013,"link":"http://www.bseindia.com/bseplus/annualreport/511218/5112180313.pdf"},{"source":"nse","report_date":2013,"link":"http://nseindia.com/annual_reports/AR_73_SRTRANSFIN_2012_2013_10062013190002.zip"},{"source":"nse","report_date":2012,"link":"http://nseindia.com/annual_reports/AR_SRTRANSFIN_2011_2012_26062012112658.zip"},{"source":"bse","report_date":2011,"link":"http://www.bseindia.com/bseplus/annualreport/511218/5112180311.pdf"},{"source":"nse","report_date":2011,"link":"http://nseindia.com/annual_reports/AR_SRTRANSFIN_2010_2011_17062011050505.zip"},{"source":"bse","report_date":2010,"link":"http://www.bseindia.com/bseplus/annualreport/511218/5112180310.pdf"},{"source":"bse","report_date":2010,"link":"http://www.bseindia.com/bseplus/annualreport/511218/511218_2009-10.pdf"},{"source":"nse","report_date":2010,"link":"http://nseindia.com/annual_reports/AR_SRTRANSFIN_2009_2010_18082010121500.zip"}],"announcement_set":[{"ann_date":"07 Apr 2018","announcement":"Announcement under Regulation 30 (LODR)-Analyst / Investor Meet - Intimation","link":"https://www.bseindia.com/corporates/anndet_new.aspx?newsid=d4f33688-1e35-4d1b-b976-b30c0d47a969"},{"ann_date":"06 Apr 2018","announcement":"Statement Of Investor Complaints For The Quarter Ended March 2018","link":"https://www.bseindia.com/corporates/anndet_new.aspx?newsid=1afc216a-805e-47cb-a9fb-6ade5053afe6"},{"ann_date":"05 Apr 2018","announcement":"COMPLIANCE CERTIFICATE FOR THE HALF YEAR ENDED 31/03/2018 AS PER REGULATION 7(3) OF SECURITIES AND EXCHANGE BOARD OF INDIA (LISTING OBLIGATIONS AND DISCLOSURE REQUIREMENTS) REGULATIONS, 2015","link":"https://www.bseindia.com/corporates/anndet_new.aspx?newsid=e0401826-becf-47c7-8571-da96650d7fc0"},{"ann_date":"04 Apr 2018","announcement":"Announcement under Regulation 30 (LODR)-Analyst / Investor Meet - Intimation","link":"https://www.bseindia.com/corporates/anndet_new.aspx?newsid=e3d978c8-55e4-4f74-829f-0fd2620ed3e7"},{"ann_date":"28 Mar 2018","announcement":"Board Meeting-Outcome of Committee Meeting","link":"https://www.bseindia.com/corporates/anndet_new.aspx?newsid=b1266a62-cc5e-4016-a7f6-2270a751815a"}],"warehouse_set":{"high_price":1590.4,"low_price":917.7,"sales_growth":5.71,"current_price":1585.4,"dividend_yield":0.63,"face_value":10.0,"id":1820,"sales_growth_3years":11.18,"profit_growth_5years":0.0,"average_return_on_equity_3years":12.59,"book_value":560.9,"status":"Active","pair_url":"/company/SRTRANSFIN/consolidated","sales_growth_10years":17.71,"average_return_on_equity_10years":17.86,"profit_growth":25.68,"market_capitalization":35969.56,"profit_growth_10years":13.89,"price_to_earning":22.87,"industry":"Finance (including NBFCs)","analysis":{"remarks":[],"bad":["Company has low interest coverage ratio.","Promoter holding is low: 26.08%","Company has a low return on equity of 12.59% for last 3 years."],"good":["Company has been maintaining a healthy dividend payout of 18.53%"]},"result_type":"sa","profit_growth_3years":-0.12,"sales_growth_5years":12.98,"return_on_equity":11.72,"average_return_on_equity_5years":14.51},"id":3046,"name":"Shriram Transport Finance Company Ltd"}
