{"prime":"sa","number_set":{"balancesheet":[["Share Capital",{"2008-03-31":197.04,"2016-03-31":197.04,"2014-03-31":197.04,"2011-03-31":197.04,"2015-03-31":197.04,"2013-03-31":197.04,"2006-03-31":62.0,"2012-03-31":197.04,"2017-03-31":197.04,"2010-03-31":197.04,"2009-03-31":197.04,"2007-03-31":68.89}],["Reserves",{"2008-03-31":1273.63,"2016-03-31":3320.59,"2014-03-31":2974.76,"2011-03-31":2188.67,"2015-03-31":3182.66,"2013-03-31":2695.81,"2006-03-31":247.9,"2012-03-31":2448.2,"2017-03-31":3824.71,"2010-03-31":1817.97,"2009-03-31":1595.47,"2007-03-31":1120.43}],["Borrowings",{"2008-03-31":0.0,"2016-03-31":0.0,"2014-03-31":0.0,"2011-03-31":0.0,"2015-03-31":0.0,"2013-03-31":0.0,"2006-03-31":233.31,"2012-03-31":0.0,"2017-03-31":0.0,"2010-03-31":0.0,"2009-03-31":0.0,"2007-03-31":0.0}],["Other Liabilities",{"2008-03-31":258.58,"2016-03-31":321.15,"2014-03-31":344.71,"2011-03-31":475.33,"2015-03-31":253.98,"2013-03-31":329.19,"2006-03-31":77.76,"2012-03-31":265.34,"2017-03-31":372.76,"2010-03-31":477.85,"2009-03-31":232.52,"2007-03-31":193.03}],["Total Liabilities",{"2008-03-31":1729.25,"2016-03-31":3838.78,"2014-03-31":3516.51,"2011-03-31":2861.04,"2015-03-31":3633.68,"2013-03-31":3222.04,"2006-03-31":620.97,"2012-03-31":2910.58,"2017-03-31":4394.51,"2010-03-31":2492.86,"2009-03-31":2025.03,"2007-03-31":1382.35}],["Fixed Assets",{"2008-03-31":361.44,"2016-03-31":819.88,"2014-03-31":1241.84,"2011-03-31":1084.9,"2015-03-31":1074.15,"2013-03-31":1222.48,"2006-03-31":136.56,"2012-03-31":1063.06,"2017-03-31":1089.34,"2010-03-31":684.98,"2009-03-31":570.5,"2007-03-31":224.38}],["CWIP",{"2008-03-31":131.92,"2016-03-31":0.57,"2014-03-31":0.4,"2011-03-31":7.87,"2015-03-31":0.49,"2013-03-31":0.42,"2006-03-31":4.21,"2012-03-31":1.13,"2017-03-31":1.49,"2010-03-31":311.39,"2009-03-31":151.87,"2007-03-31":43.49}],["Investments",{"2008-03-31":258.48,"2016-03-31":863.82,"2014-03-31":676.65,"2011-03-31":541.17,"2015-03-31":693.56,"2013-03-31":467.84,"2006-03-31":31.83,"2012-03-31":477.54,"2017-03-31":1466.66,"2010-03-31":506.64,"2009-03-31":258.48,"2007-03-31":130.89}],["Other Assets",{"2008-03-31":977.41,"2016-03-31":2154.51,"2014-03-31":1597.62,"2011-03-31":1227.1,"2015-03-31":1865.48,"2013-03-31":1531.3,"2006-03-31":448.37,"2012-03-31":1368.85,"2017-03-31":1837.02,"2010-03-31":989.85,"2009-03-31":1044.18,"2007-03-31":983.59}],["Total Assets",{"2008-03-31":1729.25,"2016-03-31":3838.78,"2014-03-31":3516.51,"2011-03-31":2861.04,"2015-03-31":3633.68,"2013-03-31":3222.04,"2006-03-31":620.97,"2012-03-31":2910.58,"2017-03-31":4394.51,"2010-03-31":2492.86,"2009-03-31":2025.03,"2007-03-31":1382.35}]],"annual":[["Sales",{"2008-03-31":861.06,"2016-03-31":2395.21,"2014-03-31":2096.78,"2011-03-31":1923.71,"2015-03-31":2243.62,"2013-03-31":1817.62,"2006-03-31":321.91,"2012-03-31":1757.37,"2017-03-31":2558.25,"2010-03-31":1395.01,"2009-03-31":1008.2,"2007-03-31":676.95}],["Expenses",{"2008-03-31":239.18,"2016-03-31":941.3,"2014-03-31":635.07,"2011-03-31":365.82,"2015-03-31":629.41,"2013-03-31":440.73,"2006-03-31":117.69,"2012-03-31":356.7,"2017-03-31":821.28,"2010-03-31":284.46,"2009-03-31":236.61,"2007-03-31":195.12}],["Operating Profit",{"2008-03-31":621.88,"2016-03-31":1453.91,"2014-03-31":1461.71,"2011-03-31":1557.89,"2015-03-31":1614.21,"2013-03-31":1376.89,"2006-03-31":204.22,"2012-03-31":1400.67,"2017-03-31":1736.97,"2010-03-31":1110.55,"2009-03-31":771.59,"2007-03-31":481.83}],["OPM",{"2008-03-31":72.22,"2016-03-31":60.7,"2014-03-31":69.71,"2011-03-31":80.98,"2015-03-31":71.95,"2013-03-31":75.75,"2006-03-31":63.44,"2012-03-31":79.7,"2017-03-31":67.9,"2010-03-31":79.61,"2009-03-31":76.53,"2007-03-31":71.18}],["Other Income",{"2008-03-31":64.93,"2016-03-31":367.54,"2014-03-31":79.21,"2011-03-31":46.79,"2015-03-31":87.83,"2013-03-31":55.02,"2006-03-31":16.44,"2012-03-31":74.2,"2017-03-31":145.55,"2010-03-31":42.51,"2009-03-31":83.32,"2007-03-31":49.45}],["Interest",{"2008-03-31":5.56,"2016-03-31":2.19,"2014-03-31":2.87,"2011-03-31":1.98,"2015-03-31":2.22,"2013-03-31":4.79,"2006-03-31":6.5,"2012-03-31":5.55,"2017-03-31":1.03,"2010-03-31":1.2,"2009-03-31":3.89,"2007-03-31":3.09}],["Depreciation",{"2008-03-31":113.03,"2016-03-31":485.02,"2014-03-31":453.34,"2011-03-31":447.38,"2015-03-31":587.83,"2013-03-31":413.18,"2006-03-31":14.66,"2012-03-31":443.0,"2017-03-31":391.14,"2010-03-31":285.44,"2009-03-31":184.92,"2007-03-31":119.29}],["Profit before tax",{"2008-03-31":568.22,"2016-03-31":1334.24,"2014-03-31":1084.71,"2011-03-31":1155.32,"2015-03-31":1111.99,"2013-03-31":1013.94,"2006-03-31":199.5,"2012-03-31":1026.32,"2017-03-31":1490.35,"2010-03-31":866.42,"2009-03-31":666.1,"2007-03-31":408.9}],["Tax",{"2008-03-31":201.24,"2016-03-31":464.55,"2014-03-31":367.75,"2011-03-31":383.1,"2015-03-31":374.76,"2013-03-31":330.6,"2006-03-31":69.27,"2012-03-31":331.67,"2017-03-31":510.94,"2010-03-31":299.04,"2009-03-31":228.99,"2007-03-31":140.08}],["Net Profit",{"2008-03-31":366.98,"2016-03-31":869.69,"2014-03-31":716.96,"2011-03-31":772.22,"2015-03-31":737.23,"2013-03-31":683.34,"2006-03-31":130.23,"2012-03-31":694.65,"2017-03-31":979.41,"2010-03-31":567.38,"2009-03-31":437.11,"2007-03-31":268.82}],["EPS (unadj)",{"2008-03-31":8.89,"2016-03-31":18.91,"2014-03-31":16.58,"2011-03-31":18.16,"2015-03-31":16.53,"2013-03-31":15.78,"2006-03-31":16.51,"2012-03-31":16.09,"2017-03-31":22.82,"2010-03-31":13.15,"2009-03-31":10.67,"2007-03-31":37.63}],["Dividend Payout",{"2008-03-31":26.85,"2016-03-31":70.24,"2014-03-31":52.22,"2011-03-31":44.65,"2015-03-31":60.14,"2013-03-31":54.79,"2006-03-31":4413.28,"2012-03-31":53.89,"2017-03-31":40.24,"2010-03-31":52.09,"2009-03-31":22.54,"2007-03-31":12.81}]],"cashflow":[["Cash from Operating Activity",{"2008-03-31":366.5,"2016-03-31":1255.91,"2014-03-31":1158.49,"2011-03-31":1141.37,"2015-03-31":1140.73,"2013-03-31":835.77,"2006-03-31":158.01,"2012-03-31":867.64,"2017-03-31":1290.72,"2010-03-31":778.95,"2009-03-31":611.44,"2007-03-31":137.73}],["Cash from Investing Activity",{"2008-03-31":-489.33,"2016-03-31":-358.82,"2014-03-31":-751.38,"2011-03-31":-582.68,"2015-03-31":-498.53,"2013-03-31":-440.2,"2006-03-31":-246.0,"2012-03-31":-330.45,"2017-03-31":-713.15,"2010-03-31":-664.69,"2009-03-31":-404.62,"2007-03-31":-319.75}],["Cash from Financing Activity",{"2008-03-31":-51.39,"2016-03-31":-737.37,"2014-03-31":-430.75,"2011-03-31":-506.99,"2015-03-31":-634.83,"2013-03-31":-382.22,"2006-03-31":-32.35,"2012-03-31":-577.66,"2017-03-31":-475.34,"2010-03-31":-115.94,"2009-03-31":-188.08,"2007-03-31":307.06}],["Net Cash Flow",{"2008-03-31":-174.22,"2016-03-31":159.72,"2014-03-31":-23.64,"2011-03-31":51.7,"2015-03-31":7.37,"2013-03-31":13.35,"2006-03-31":-120.34,"2012-03-31":-40.47,"2017-03-31":102.23,"2010-03-31":-1.68,"2009-03-31":18.74,"2007-03-31":125.04}]],"quarters":[["Sales",{"2016-06-30":760.83,"2016-12-31":589.43,"2017-03-31":582.5,"2017-06-30":786.32,"2015-06-30":689.45,"2015-03-31":548.58,"2017-09-30":675.9,"2015-12-31":573.24,"2016-03-31":564.97,"2017-12-31":683.28,"2016-09-30":625.49,"2015-09-30":567.55}],["Expenses",{"2016-06-30":324.44,"2016-12-31":149.74,"2017-03-31":188.86,"2017-06-30":337.96,"2015-06-30":282.52,"2015-03-31":125.32,"2017-09-30":179.81,"2015-12-31":135.95,"2016-03-31":143.81,"2017-12-31":191.24,"2016-09-30":160.47,"2015-09-30":137.03}],["Operating Profit",{"2016-06-30":436.39,"2016-12-31":439.69,"2017-03-31":393.64,"2017-06-30":448.36,"2015-06-30":406.93,"2015-03-31":423.26,"2017-09-30":496.09,"2015-12-31":437.29,"2016-03-31":421.16,"2017-12-31":492.04,"2016-09-30":465.02,"2015-09-30":430.52}],["OPM",{"2016-06-30":57.36,"2016-12-31":74.6,"2017-03-31":67.58,"2017-06-30":57.02,"2015-06-30":59.02,"2015-03-31":77.16,"2017-09-30":73.4,"2015-12-31":76.28,"2016-03-31":74.55,"2017-12-31":72.01,"2016-09-30":74.34,"2015-09-30":75.86}],["Other Income",{"2016-06-30":21.55,"2016-12-31":38.9,"2017-03-31":37.35,"2017-06-30":37.06,"2015-06-30":22.5,"2015-03-31":23.44,"2017-09-30":37.23,"2015-12-31":28.92,"2016-03-31":46.8,"2017-12-31":29.11,"2016-09-30":49.98,"2015-09-30":27.36}],["Depreciation",{"2016-06-30":100.77,"2016-12-31":110.69,"2017-03-31":76.65,"2017-06-30":103.49,"2015-06-30":130.17,"2015-03-31":138.42,"2017-09-30":102.69,"2015-12-31":134.75,"2016-03-31":102.52,"2017-12-31":114.46,"2016-09-30":103.03,"2015-09-30":117.58}],["Interest",{"2016-06-30":0.09,"2016-12-31":0.63,"2017-03-31":0.21,"2017-06-30":0.05,"2015-06-30":0.8,"2015-03-31":0.47,"2017-09-30":0.06,"2015-12-31":0.52,"2016-03-31":0.83,"2017-12-31":0.06,"2016-09-30":0.1,"2015-09-30":0.07}],["Profit before tax",{"2016-06-30":357.08,"2016-12-31":367.27,"2017-03-31":354.13,"2017-06-30":381.88,"2015-06-30":298.46,"2015-03-31":307.81,"2017-09-30":430.57,"2015-12-31":330.94,"2016-03-31":364.61,"2017-12-31":406.63,"2016-09-30":411.87,"2015-09-30":340.23}],["Tax",{"2016-06-30":124.02,"2016-12-31":127.18,"2017-03-31":118.22,"2017-06-30":130.24,"2015-06-30":102.64,"2015-03-31":104.82,"2017-09-30":145.9,"2015-12-31":114.61,"2016-03-31":129.14,"2017-12-31":139.66,"2016-09-30":141.52,"2015-09-30":118.16}],["Net Profit",{"2016-06-30":233.06,"2016-12-31":240.09,"2017-03-31":235.91,"2017-06-30":251.64,"2015-06-30":195.82,"2015-03-31":202.99,"2017-09-30":284.67,"2015-12-31":216.33,"2016-03-31":235.47,"2017-12-31":266.97,"2016-09-30":270.35,"2015-09-30":222.07}]]},"bse_code":"532733","short_name":"Sun TV Network","nse_code":"SUNTV","companyrating_set":[],"annualreport_set":[{"source":"bse","report_date":2017,"link":"http://www.bseindia.com/bseplus/AnnualReport/532733/5327330317.pdf"},{"source":"bse","report_date":2016,"link":"http://www.bseindia.com/bseplus/AnnualReport/532733/5327330316.pdf"},{"source":"bse","report_date":2015,"link":"http://www.bseindia.com/bseplus/AnnualReport/532733/5327330315.pdf"},{"source":"bse","report_date":2014,"link":"http://www.bseindia.com/bseplus/AnnualReport/532733/5327330314.pdf"},{"source":"bse","report_date":2013,"link":"http://www.bseindia.com/bseplus/annualreport/532733/5327330313.pdf"},{"source":"bse","report_date":2012,"link":"http://www.bseindia.com/bseplus/annualreport/532733/5327330312.pdf"},{"source":"nse","report_date":2012,"link":"http://nseindia.com/annual_reports/AR_SUNTV_2011_2012_17092012102534.zip"},{"source":"bse","report_date":2011,"link":"http://www.bseindia.com/bseplus/annualreport/532733/5327330311.pdf"},{"source":"nse","report_date":2011,"link":"http://nseindia.com/annual_reports/AR_SUNTV_2010_2011_25102011055555.zip"},{"source":"bse","report_date":2010,"link":"http://www.bseindia.com/bseplus/annualreport/532733/5327330310.pdf"},{"source":"nse","report_date":2010,"link":"http://nseindia.com/annual_reports/AR_SUNTV_2009_2010_18082010121500.zip"}],"announcement_set":[{"ann_date":"12 Mar 2018","announcement":"Corporate Action-Board approves Dividend","link":"https://www.bseindia.com/corporates/anndet_new.aspx?newsid=86bb570f-dcba-410f-8092-7531d043dcaa"},{"ann_date":"06 Mar 2018","announcement":"Board to consider Interim Dividend","link":"https://www.bseindia.com/corporates/anndet_new.aspx?newsid=df697f1d-202f-4267-836b-4ae8ed43a04c"},{"ann_date":"06 Mar 2018","announcement":"Fixed Record And Payment Date For Interim Dividend","link":"https://www.bseindia.com/corporates/anndet_new.aspx?newsid=25a85bcb-a855-4993-a2e3-d9d9d058e91e"},{"ann_date":"06 Mar 2018","announcement":"Board Meeting On 12Th March 2018","link":"https://www.bseindia.com/corporates/anndet_new.aspx?newsid=1fdf4414-0f17-4414-af26-70b88533e02e"},{"ann_date":"09 Feb 2018","announcement":"Board declares Third Interim Dividend","link":"http://www.bseindia.com/corporates/anndet_new.aspx?newsid=8465e4b3-3885-41ef-b33e-ac66b2fbca0a"}],"warehouse_set":{"high_price":1097.8,"low_price":652.45,"sales_growth":7.37,"current_price":889.8,"dividend_yield":1.12,"face_value":5.0,"id":3763,"sales_growth_3years":6.86,"profit_growth_5years":6.72,"average_return_on_equity_3years":22.83,"book_value":122.44,"status":"Active","pair_url":"/company/SUNTV/consolidated","sales_growth_10years":12.86,"average_return_on_equity_10years":25.8,"profit_growth":6.15,"market_capitalization":35065.65,"profit_growth_10years":11.29,"price_to_earning":33.74,"industry":"Broadcasting & Cable TV","analysis":{"remarks":[],"bad":["Stock is trading at 7.27 times its book value","The company has delivered a poor growth of 7.80% over past five years."],"good":["Company is virtually debt free.","Company has been maintaining a healthy dividend payout of 56.00%"]},"result_type":"sa","profit_growth_3years":10.26,"sales_growth_5years":7.8,"return_on_equity":25.49,"average_return_on_equity_5years":23.27},"id":3248,"name":"Sun TV Network Ltd"}
