{"prime":"sa","number_set":{"balancesheet":[["Share Capital",{"2008-03-31":521.97,"2016-03-31":703.37,"2014-03-31":624.58,"2011-03-31":573.29,"2015-03-31":662.06,"2013-03-31":601.95,"2006-03-31":521.97,"2012-03-31":601.95,"2017-03-31":904.54,"2010-03-31":521.97,"2009-03-31":521.97,"2007-03-31":521.97}],["Reserves",{"2008-03-31":3343.2,"2016-03-31":10022.25,"2014-03-31":10273.04,"2011-03-31":6083.65,"2015-03-31":11478.24,"2013-03-31":8963.64,"2006-03-31":2115.59,"2012-03-31":7433.79,"2017-03-31":11684.02,"2010-03-31":4700.89,"2009-03-31":4073.1,"2007-03-31":2666.57}],["Borrowings",{"2008-03-31":96476.97,"2016-03-31":287236.54,"2014-03-31":231567.81,"2011-03-31":145123.72,"2015-03-31":281891.09,"2013-03-31":198169.69,"2006-03-31":53967.45,"2012-03-31":168530.97,"2017-03-31":278036.38,"2010-03-31":129198.48,"2009-03-31":121299.32,"2007-03-31":80007.1}],["Other Liabilities",{"2008-03-31":6790.14,"2016-03-31":10005.29,"2014-03-31":9396.04,"2011-03-31":4758.12,"2015-03-31":9103.86,"2013-03-31":7387.04,"2006-03-31":4485.72,"2012-03-31":5901.36,"2017-03-31":8448.4,"2010-03-31":4629.61,"2009-03-31":4361.28,"2007-03-31":6081.73}],["Total Liabilities",{"2008-03-31":107132.28,"2016-03-31":307967.45,"2014-03-31":251861.47,"2011-03-31":156538.78,"2015-03-31":303135.25,"2013-03-31":215122.32,"2006-03-31":61090.73,"2012-03-31":182468.07,"2017-03-31":299073.34,"2010-03-31":139050.95,"2009-03-31":130255.67,"2007-03-31":89277.37}],["Fixed Assets",{"2008-03-31":755.29,"2016-03-31":2376.0,"2014-03-31":1433.08,"2011-03-31":677.04,"2015-03-31":1510.72,"2013-03-31":1407.38,"2006-03-31":409.17,"2012-03-31":1327.85,"2017-03-31":2428.12,"2010-03-31":682.48,"2009-03-31":720.16,"2007-03-31":745.3}],["CWIP",{"2008-03-31":14.23,"2016-03-31":30.91,"2014-03-31":35.75,"2011-03-31":15.69,"2015-03-31":97.64,"2013-03-31":26.58,"2006-03-31":10.12,"2012-03-31":23.74,"2017-03-31":25.95,"2010-03-31":18.95,"2009-03-31":21.87,"2007-03-31":26.25}],["Investments",{"2008-03-31":28075.93,"2016-03-31":68621.87,"2014-03-31":55539.38,"2011-03-31":35067.61,"2015-03-31":69339.67,"2013-03-31":45647.66,"2006-03-31":17269.11,"2012-03-31":40815.06,"2017-03-31":65465.4,"2010-03-31":33010.93,"2009-03-31":30537.23,"2007-03-31":25234.01}],["Other Assets",{"2008-03-31":78286.83,"2016-03-31":236938.67,"2014-03-31":194853.26,"2011-03-31":120778.44,"2015-03-31":232187.22,"2013-03-31":168040.7,"2006-03-31":43402.33,"2012-03-31":140301.42,"2017-03-31":231153.87,"2010-03-31":105338.59,"2009-03-31":98976.41,"2007-03-31":63271.81}],["Total Assets",{"2008-03-31":107132.28,"2016-03-31":307967.45,"2014-03-31":251861.47,"2011-03-31":156538.78,"2015-03-31":303135.25,"2013-03-31":215122.32,"2006-03-31":61090.73,"2012-03-31":182468.07,"2017-03-31":299073.34,"2010-03-31":139050.95,"2009-03-31":130255.67,"2007-03-31":89277.37}]],"annual":[["Sales",{"2008-03-31":7906.31,"2016-03-31":23197.78,"2014-03-31":18621.26,"2011-03-31":11450.86,"2015-03-31":21615.16,"2013-03-31":17120.69,"2006-03-31":4050.42,"2012-03-31":15268.35,"2017-03-31":23003.79,"2010-03-31":10047.18,"2009-03-31":9525.35,"2007-03-31":6040.07}],["Expenses",{"2008-03-31":null,"2016-03-31":9315.69,"2014-03-31":5104.68,"2011-03-31":3941.39,"2015-03-31":5449.1,"2013-03-31":4966.78,"2006-03-31":null,"2012-03-31":4706.84,"2017-03-31":8944.1,"2010-03-31":2645.07,"2009-03-31":null,"2007-03-31":null}],["Operating Profit",{"2008-03-31":null,"2016-03-31":13882.09,"2014-03-31":13516.58,"2011-03-31":7509.47,"2015-03-31":16166.06,"2013-03-31":12153.91,"2006-03-31":null,"2012-03-31":10561.51,"2017-03-31":14059.69,"2010-03-31":7402.11,"2009-03-31":null,"2007-03-31":null}],["OPM",{"2008-03-31":null,"2016-03-31":59.84,"2014-03-31":72.59,"2011-03-31":65.58,"2015-03-31":74.79,"2013-03-31":70.99,"2006-03-31":null,"2012-03-31":69.17,"2017-03-31":61.12,"2010-03-31":73.67,"2009-03-31":null,"2007-03-31":null}],["Other Income",{"2008-03-31":940.43,"2016-03-31":2508.73,"2014-03-31":1323.95,"2011-03-31":915.12,"2015-03-31":2109.59,"2013-03-31":1174.36,"2006-03-31":592.08,"2012-03-31":1075.88,"2017-03-31":3457.39,"2010-03-31":1167.46,"2009-03-31":915.02,"2007-03-31":651.9}],["Interest",{"2008-03-31":5833.56,"2016-03-31":17213.08,"2014-03-31":13080.5,"2011-03-31":7068.1,"2015-03-31":16094.87,"2013-03-31":11666.63,"2006-03-31":2169.55,"2012-03-31":10183.32,"2017-03-31":16727.82,"2010-03-31":7307.37,"2009-03-31":6977.6,"2007-03-31":3890.02}],["Depreciation",{"2008-03-31":103.05,"2016-03-31":199.29,"2014-03-31":118.13,"2011-03-31":70.96,"2015-03-31":186.57,"2013-03-31":100.66,"2006-03-31":45.43,"2012-03-31":66.04,"2017-03-31":137.3,"2010-03-31":88.17,"2009-03-31":113.02,"2007-03-31":83.4}],["Profit before tax",{"2008-03-31":1005.54,"2016-03-31":-1021.54,"2014-03-31":1641.9,"2011-03-31":1285.53,"2015-03-31":1994.22,"2013-03-31":1560.98,"2006-03-31":556.37,"2012-03-31":1388.03,"2017-03-31":651.96,"2010-03-31":1174.03,"2009-03-31":1036.34,"2007-03-31":723.58}],["Tax",{"2008-03-31":157.47,"2016-03-31":621.95,"2014-03-31":-69.56,"2011-03-31":237.58,"2015-03-31":471.29,"2013-03-31":-443.44,"2006-03-31":19.88,"2012-03-31":74.64,"2017-03-31":293.01,"2010-03-31":360.71,"2009-03-31":123.52,"2007-03-31":7.52}],["Net Profit",{"2008-03-31":848.07,"2016-03-31":-1643.49,"2014-03-31":1711.46,"2011-03-31":1047.95,"2015-03-31":1522.93,"2013-03-31":2004.42,"2006-03-31":536.49,"2012-03-31":1313.39,"2017-03-31":358.95,"2010-03-31":813.32,"2009-03-31":912.82,"2007-03-31":716.06}],["EPS (unadj)",{"2008-03-31":15.77,"2016-03-31":0.0,"2014-03-31":26.47,"2011-03-31":17.68,"2015-03-31":22.04,"2013-03-31":32.16,"2006-03-31":9.93,"2012-03-31":21.2,"2017-03-31":3.97,"2010-03-31":15.08,"2009-03-31":17.01,"2007-03-31":13.29}],["Dividend Payout",{"2008-03-31":17.23,"2016-03-31":-0.0,"2014-03-31":20.07,"2011-03-31":20.24,"2015-03-31":20.43,"2013-03-31":20.12,"2006-03-31":24.32,"2012-03-31":17.42,"2017-03-31":0.0,"2010-03-31":19.25,"2009-03-31":17.15,"2007-03-31":20.41}]],"cashflow":[["Cash from Operating Activity",{"2008-03-31":2372.17,"2016-03-31":3937.95,"2014-03-31":-429.49,"2011-03-31":-748.52,"2015-03-31":8475.91,"2013-03-31":2497.18,"2006-03-31":1159.77,"2012-03-31":2247.86,"2017-03-31":-4978.34,"2010-03-31":-1711.54,"2009-03-31":2521.46,"2007-03-31":4119.2}],["Cash from Investing Activity",{"2008-03-31":-112.89,"2016-03-31":-304.78,"2014-03-31":-182.2,"2011-03-31":-72.55,"2015-03-31":-354.29,"2013-03-31":-212.68,"2006-03-31":-83.7,"2012-03-31":-113.38,"2017-03-31":-182.51,"2010-03-31":-58.34,"2009-03-31":-96.85,"2007-03-31":-193.59}],["Cash from Financing Activity",{"2008-03-31":-101.05,"2016-03-31":1750.87,"2014-03-31":-965.43,"2011-03-31":52.87,"2015-03-31":702.6,"2013-03-31":415.48,"2006-03-31":1067.86,"2012-03-31":-215.86,"2017-03-31":1177.64,"2010-03-31":99.32,"2009-03-31":322.65,"2007-03-31":359.8}],["Net Cash Flow",{"2008-03-31":2158.23,"2016-03-31":5384.04,"2014-03-31":-1577.12,"2011-03-31":-768.2,"2015-03-31":8824.22,"2013-03-31":2699.98,"2006-03-31":2143.93,"2012-03-31":1918.62,"2017-03-31":-3983.21,"2010-03-31":-1670.56,"2009-03-31":2747.26,"2007-03-31":4285.41}]],"quarters":[["Sales",{"2016-06-30":5864.63,"2016-12-31":5568.09,"2017-03-31":5788.01,"2017-06-30":5484.13,"2015-06-30":5822.65,"2015-03-31":5804.81,"2017-09-30":5559.01,"2015-12-31":5637.18,"2016-03-31":5682.37,"2017-12-31":5375.57,"2016-09-30":5783.06,"2015-09-30":6055.58}],["Expenses",{"2016-06-30":1923.41,"2016-12-31":2234.14,"2017-03-31":2739.9,"2017-06-30":2641.62,"2015-06-30":1354.13,"2015-03-31":1731.34,"2017-09-30":2227.12,"2015-12-31":2013.28,"2016-03-31":4583.22,"2017-12-31":3506.98,"2016-09-30":2183.95,"2015-09-30":1564.35}],["Operating Profit",{"2016-06-30":3941.22,"2016-12-31":3333.95,"2017-03-31":3048.11,"2017-06-30":2842.51,"2015-06-30":4468.52,"2015-03-31":4073.47,"2017-09-30":3331.89,"2015-12-31":3623.9,"2016-03-31":1099.15,"2017-12-31":1868.59,"2016-09-30":3599.11,"2015-09-30":4491.23}],["OPM",{"2016-06-30":67.2,"2016-12-31":59.88,"2017-03-31":52.66,"2017-06-30":51.83,"2015-06-30":76.74,"2015-03-31":70.17,"2017-09-30":59.94,"2015-12-31":64.29,"2016-03-31":19.34,"2017-12-31":34.76,"2016-09-30":62.24,"2015-09-30":74.17}],["Other Income",{"2016-06-30":554.49,"2016-12-31":985.95,"2017-03-31":1125.08,"2017-06-30":687.36,"2015-06-30":500.77,"2015-03-31":794.32,"2017-09-30":860.2,"2015-12-31":551.07,"2016-03-31":842.28,"2017-12-31":569.58,"2016-09-30":791.87,"2015-09-30":614.61}],["Depreciation",{"2016-06-30":0.0,"2016-12-31":0.0,"2017-03-31":0.0,"2017-06-30":0.0,"2015-06-30":0.0,"2015-03-31":0.0,"2017-09-30":0.0,"2015-12-31":0.0,"2016-03-31":0.0,"2017-12-31":0.0,"2016-09-30":0.0,"2015-09-30":0.0}],["Interest",{"2016-06-30":4385.49,"2016-12-31":4176.75,"2017-03-31":3927.0,"2017-06-30":3883.55,"2015-06-30":4410.56,"2015-03-31":4381.76,"2017-09-30":3909.51,"2015-12-31":4121.14,"2016-03-31":4220.55,"2017-12-31":3752.4,"2016-09-30":4238.58,"2015-09-30":4460.83}],["Profit before tax",{"2016-06-30":110.22,"2016-12-31":143.15,"2017-03-31":246.19,"2017-06-30":-353.68,"2015-06-30":558.73,"2015-03-31":486.03,"2017-09-30":282.58,"2015-12-31":53.83,"2016-03-31":-2279.12,"2017-12-31":-1314.23,"2016-09-30":152.4,"2015-09-30":645.01}],["Tax",{"2016-06-30":31.09,"2016-12-31":49.59,"2017-03-31":142.35,"2017-06-30":-90.49,"2015-06-30":256.75,"2015-03-31":69.11,"2017-09-30":177.34,"2015-12-31":173.5,"2016-03-31":-120.95,"2017-12-31":-444.46,"2016-09-30":69.98,"2015-09-30":312.64}],["Net Profit",{"2016-06-30":79.13,"2016-12-31":93.56,"2017-03-31":103.84,"2017-06-30":-263.19,"2015-06-30":301.98,"2015-03-31":416.92,"2017-09-30":105.24,"2015-12-31":-119.67,"2016-03-31":-2158.17,"2017-12-31":-869.77,"2016-09-30":82.42,"2015-09-30":332.37}]]},"bse_code":"532276","short_name":"Syndicate Bank","nse_code":"SYNDIBANK","companyrating_set":[{"rating__rating":"CRISIL AA+(Stable)","instrument":"Lower Tier-II Bonds (under Basel II)(LT)","rating__source":"crisil","link":"http://www.crisil.com/ratings/company-wise-ratings.jsp?txtSearch=Syndicate Bank"},{"rating__rating":"CARE AA+","instrument":"LT InstrumentsBonds","rating__source":"care","link":"http://google.com/search?btnI=1&q=Syndicate Bank+site:careratings.com"},{"rating__rating":"CARE AA","instrument":"LT InstrumentsBonds","rating__source":"care","link":"http://google.com/search?btnI=1&q=Syndicate Bank+site:careratings.com"},{"rating__rating":"CRISIL AA+(Stable)","instrument":"Perpetual Tier-I Bonds (under Basel II)(LT)","rating__source":"crisil","link":"http://www.crisil.com/ratings/company-wise-ratings.jsp?txtSearch=Syndicate Bank"},{"rating__rating":"CARE A1+","instrument":"ST InstrumentsCertificate Of Deposit","rating__source":"care","link":"http://google.com/search?btnI=1&q=Syndicate Bank+site:careratings.com"},{"rating__rating":"CRISIL AA-(Stable)","instrument":"Tier I Bonds (Under Basel III)(LT)","rating__source":"crisil","link":"http://www.crisil.com/ratings/company-wise-ratings.jsp?txtSearch=Syndicate Bank"},{"rating__rating":"CRISIL AA+(Stable)","instrument":"Upper Tier-II Bonds (under Basel II)(LT)","rating__source":"crisil","link":"http://www.crisil.com/ratings/company-wise-ratings.jsp?txtSearch=Syndicate Bank"}],"annualreport_set":[{"source":"bse","report_date":2017,"link":"http://www.bseindia.com/bseplus/AnnualReport/532276/5322760317.pdf"},{"source":"bse","report_date":2016,"link":"http://www.bseindia.com/bseplus/AnnualReport/532276/5322760316.pdf"},{"source":"bse","report_date":2015,"link":"http://www.bseindia.com/bseplus/AnnualReport/532276/5322760315.pdf"},{"source":"bse","report_date":2014,"link":"http://www.bseindia.com/bseplus/AnnualReport/532276/5322760314.pdf"},{"source":"bse","report_date":2013,"link":"http://www.bseindia.com/bseplus/annualreport/532276/5322760313.pdf"},{"source":"nse","report_date":2012,"link":"http://nseindia.com/annual_reports/AR_SYNDIBANK_2011_2012_22062012102326.zip"},{"source":"bse","report_date":2011,"link":"http://www.bseindia.com/bseplus/annualreport/532276/5322760311.pdf"},{"source":"nse","report_date":2011,"link":"http://nseindia.com/annual_reports/AR_SYNDIBANK_2010_2011_17062011050505.zip"},{"source":"bse","report_date":2010,"link":"http://www.bseindia.com/bseplus/annualreport/532276/532276_2009-10.pdf"},{"source":"nse","report_date":2010,"link":"http://nseindia.com/annual_reports/AR_SYNDIBANK_2009_2010_19082010120000.zip"},{"source":"nse","report_date":2009,"link":"http://nseindia.com/annual_reports/AR_SYNDIBANK_2008_2009_14082009114543.zip"}],"announcement_set":[{"ann_date":"05 Apr 2018","announcement":"Compliance Certificate- For The Half Year Ended 31.03.2018 Pursuance To Regulation 7(3) Of SEBI(Listing Obligations And Disclosure Requirements) Regulation, 2015","link":"https://www.bseindia.com/corporates/anndet_new.aspx?newsid=b46371de-89be-427e-86d4-b018d1bfc6c0"},{"ann_date":"05 Apr 2018","announcement":"Statement Of Investor Complaints For The Quarter Ended March 2018","link":"https://www.bseindia.com/corporates/anndet_new.aspx?newsid=ac14599e-9d3e-41d5-bd77-aa5726753541"},{"ann_date":"03 Apr 2018","announcement":"Payment Of Annual Interest On Our Bonds Series Basel III AT I Of Rs370 Crore And Rs500 Crore,ISIN No.INE667A08062 & INE667A08054","link":"https://www.bseindia.com/corporates/anndet_new.aspx?newsid=652bd3c2-2ee3-4504-b840-c806112faba0"},{"ann_date":"02 Apr 2018","announcement":"Disclosure Under Regulation 29(1) Of SEBI (Substantial Acquisition Of Shares And Takeovers) Regulations, 2011","link":"https://www.bseindia.com/corporates/anndet_new.aspx?newsid=c8816e5d-3c7e-4d52-aa79-459aeabcbce9"},{"ann_date":"28 Mar 2018","announcement":"Disclosure Under Regulation 29(2) Of SEBI (Substantial Acquisition Of Shares And Takeovers) Regulations, 2011","link":"https://www.bseindia.com/corporates/anndet_new.aspx?newsid=561fbd1d-c073-4014-9160-fe956200eeac"}],"warehouse_set":{"high_price":95.9,"low_price":51.85,"sales_growth":-3.02,"current_price":60.6,"dividend_yield":0.0,"face_value":10.0,"id":1786,"sales_growth_3years":7.3,"profit_growth_5years":-22.85,"average_return_on_equity_3years":1.27,"book_value":81.57,"status":"Active","pair_url":"/company/SYNDIBANK/consolidated","sales_growth_10years":12.6,"average_return_on_equity_10years":11.24,"profit_growth":51.45,"market_capitalization":8588.67,"profit_growth_10years":-9.11,"price_to_earning":23.93,"industry":"Banks","analysis":{"remarks":[],"bad":["Company has low interest coverage ratio.","Promoter's stake has decreased","The company has delivered a poor growth of 8.54% over past five years.","Company has a low return on equity of 1.27% for last 3 years.","Contingent liabilities of Rs.98798.83 Cr.","Company might be capitalizing the interest cost","Dividend payout has been low at 8.83% of profits over last 3 years"],"good":["Stock is trading at 0.74 times its book value"]},"result_type":"sa","profit_growth_3years":-40.58,"sales_growth_5years":8.54,"return_on_equity":3.08,"average_return_on_equity_5years":7.96},"id":3330,"name":"Syndicate Bank"}
