{"prime":"con","number_set":{"balancesheet":[["Share Capital",{"2008-03-31":61.84,"2016-03-31":63.11,"2014-03-31":61.84,"2011-03-31":61.84,"2015-03-31":61.84,"2013-03-31":61.84,"2006-03-31":56.22,"2012-03-31":61.84,"2017-03-31":63.11,"2010-03-31":61.84,"2009-03-31":61.84,"2007-03-31":59.03}],["Reserves",{"2008-03-31":1720.35,"2016-03-31":3351.71,"2014-03-31":2489.55,"2011-03-31":1972.75,"2015-03-31":2416.68,"2013-03-31":2234.59,"2006-03-31":1083.18,"2012-03-31":2126.41,"2017-03-31":3699.58,"2010-03-31":1994.14,"2009-03-31":1715.62,"2007-03-31":1462.83}],["Borrowings",{"2008-03-31":757.5,"2016-03-31":435.28,"2014-03-31":456.51,"2011-03-31":505.47,"2015-03-31":477.5,"2013-03-31":508.6,"2006-03-31":241.35,"2012-03-31":366.85,"2017-03-31":32.26,"2010-03-31":499.66,"2009-03-31":755.0,"2007-03-31":797.0}],["Other Liabilities",{"2008-03-31":589.82,"2016-03-31":585.97,"2014-03-31":704.81,"2011-03-31":582.34,"2015-03-31":717.05,"2013-03-31":653.47,"2006-03-31":322.79,"2012-03-31":627.86,"2017-03-31":624.19,"2010-03-31":530.04,"2009-03-31":506.1,"2007-03-31":404.61}],["Total Liabilities",{"2008-03-31":3129.51,"2016-03-31":4436.07,"2014-03-31":3712.71,"2011-03-31":3122.4,"2015-03-31":3673.07,"2013-03-31":3458.5,"2006-03-31":1703.54,"2012-03-31":3182.96,"2017-03-31":4419.14,"2010-03-31":3085.68,"2009-03-31":3038.56,"2007-03-31":2723.47}],["Fixed Assets",{"2008-03-31":93.52,"2016-03-31":198.55,"2014-03-31":152.9,"2011-03-31":124.44,"2015-03-31":193.34,"2013-03-31":146.68,"2006-03-31":245.09,"2012-03-31":140.09,"2017-03-31":213.79,"2010-03-31":105.79,"2009-03-31":97.06,"2007-03-31":244.56}],["CWIP",{"2008-03-31":4.57,"2016-03-31":10.1,"2014-03-31":9.06,"2011-03-31":1.56,"2015-03-31":11.27,"2013-03-31":3.77,"2006-03-31":5.22,"2012-03-31":2.69,"2017-03-31":11.5,"2010-03-31":5.57,"2009-03-31":6.9,"2007-03-31":2.02}],["Investments",{"2008-03-31":2193.77,"2016-03-31":2798.53,"2014-03-31":2405.66,"2011-03-31":2290.91,"2015-03-31":2231.86,"2013-03-31":2225.14,"2006-03-31":1106.83,"2012-03-31":2205.7,"2017-03-31":2972.36,"2010-03-31":2309.05,"2009-03-31":2073.67,"2007-03-31":2045.92}],["Other Assets",{"2008-03-31":837.65,"2016-03-31":1428.89,"2014-03-31":1145.09,"2011-03-31":705.49,"2015-03-31":1236.6,"2013-03-31":1082.91,"2006-03-31":346.4,"2012-03-31":834.48,"2017-03-31":1221.49,"2010-03-31":665.27,"2009-03-31":860.93,"2007-03-31":430.97}],["Total Assets",{"2008-03-31":3129.51,"2016-03-31":4436.07,"2014-03-31":3712.71,"2011-03-31":3122.4,"2015-03-31":3673.07,"2013-03-31":3458.5,"2006-03-31":1703.54,"2012-03-31":3182.96,"2017-03-31":4419.14,"2010-03-31":3085.68,"2009-03-31":3038.56,"2007-03-31":2723.47}]],"annual":[["Sales",{"2008-03-31":1134.7,"2016-03-31":2986.79,"2014-03-31":2682.96,"2011-03-31":1811.11,"2015-03-31":2884.52,"2013-03-31":2326.1,"2006-03-31":968.21,"2012-03-31":2035.29,"2017-03-31":3063.89,"2010-03-31":1697.92,"2009-03-31":1361.53,"2007-03-31":1054.47}],["Expenses",{"2008-03-31":null,"2016-03-31":2690.89,"2014-03-31":2454.82,"2011-03-31":null,"2015-03-31":2636.5,"2013-03-31":2122.99,"2006-03-31":null,"2012-03-31":null,"2017-03-31":2701.24,"2010-03-31":null,"2009-03-31":null,"2007-03-31":null}],["Operating Profit",{"2008-03-31":null,"2016-03-31":295.9,"2014-03-31":228.14,"2011-03-31":null,"2015-03-31":248.02,"2013-03-31":203.11,"2006-03-31":null,"2012-03-31":null,"2017-03-31":362.65,"2010-03-31":null,"2009-03-31":null,"2007-03-31":null}],["OPM",{"2008-03-31":null,"2016-03-31":9.91,"2014-03-31":8.5,"2011-03-31":null,"2015-03-31":8.6,"2013-03-31":8.73,"2006-03-31":null,"2012-03-31":null,"2017-03-31":11.84,"2010-03-31":null,"2009-03-31":null,"2007-03-31":null}],["Other Income",{"2008-03-31":312.9,"2016-03-31":111.48,"2014-03-31":412.89,"2011-03-31":157.37,"2015-03-31":155.16,"2013-03-31":166.24,"2006-03-31":120.31,"2012-03-31":231.31,"2017-03-31":96.34,"2010-03-31":397.92,"2009-03-31":201.28,"2007-03-31":240.73}],["Interest",{"2008-03-31":65.67,"2016-03-31":67.71,"2014-03-31":39.2,"2011-03-31":40.57,"2015-03-31":34.19,"2013-03-31":32.01,"2006-03-31":16.43,"2012-03-31":27.04,"2017-03-31":49.1,"2010-03-31":56.34,"2009-03-31":81.63,"2007-03-31":45.44}],["Depreciation",{"2008-03-31":10.17,"2016-03-31":22.79,"2014-03-31":16.35,"2011-03-31":12.36,"2015-03-31":19.94,"2013-03-31":16.39,"2006-03-31":19.43,"2012-03-31":12.04,"2017-03-31":23.7,"2010-03-31":12.32,"2009-03-31":10.65,"2007-03-31":18.54}],["Profit before tax",{"2008-03-31":385.86,"2016-03-31":316.88,"2014-03-31":585.49,"2011-03-31":230.23,"2015-03-31":349.05,"2013-03-31":320.96,"2006-03-31":230.33,"2012-03-31":369.91,"2017-03-31":386.19,"2010-03-31":495.28,"2009-03-31":228.91,"2007-03-31":349.62}],["Tax",{"2008-03-31":73.0,"2016-03-31":90.39,"2014-03-31":138.52,"2011-03-31":49.64,"2015-03-31":60.05,"2013-03-31":62.3,"2006-03-31":43.4,"2012-03-31":67.23,"2017-03-31":110.19,"2010-03-31":103.81,"2009-03-31":69.85,"2007-03-31":43.05}],["Net Profit",{"2008-03-31":312.86,"2016-03-31":226.49,"2014-03-31":446.97,"2011-03-31":180.59,"2015-03-31":289.0,"2013-03-31":258.65,"2006-03-31":186.93,"2012-03-31":302.68,"2017-03-31":276.0,"2010-03-31":391.47,"2009-03-31":159.06,"2007-03-31":306.57}],["EPS (unadj)",{"2008-03-31":44.64,"2016-03-31":3.59,"2014-03-31":7.1,"2011-03-31":2.63,"2015-03-31":4.35,"2013-03-31":3.85,"2006-03-31":31.57,"2012-03-31":4.56,"2017-03-31":4.37,"2010-03-31":60.16,"2009-03-31":22.95,"2007-03-31":49.26}],["Dividend Payout",{"2008-03-31":69.18,"2016-03-31":62.7,"2014-03-31":31.13,"2011-03-31":68.49,"2015-03-31":48.15,"2013-03-31":51.4,"2006-03-31":36.09,"2012-03-31":43.93,"2017-03-31":53.74,"2010-03-31":31.59,"2009-03-31":68.04,"2007-03-31":28.88}]],"cashflow":[["Cash from Operating Activity",{"2008-03-31":88.12,"2016-03-31":131.62,"2014-03-31":147.67,"2011-03-31":16.14,"2015-03-31":50.22,"2013-03-31":-62.21,"2006-03-31":140.68,"2012-03-31":136.6,"2017-03-31":506.9,"2010-03-31":33.11,"2009-03-31":5.91,"2007-03-31":76.22}],["Cash from Investing Activity",{"2008-03-31":-54.07,"2016-03-31":217.59,"2014-03-31":147.31,"2011-03-31":169.8,"2015-03-31":128.53,"2013-03-31":107.19,"2006-03-31":-129.05,"2012-03-31":181.26,"2017-03-31":60.42,"2010-03-31":370.64,"2009-03-31":369.82,"2007-03-31":-737.34}],["Cash from Financing Activity",{"2008-03-31":-41.55,"2016-03-31":-153.88,"2014-03-31":-308.05,"2011-03-31":-184.43,"2015-03-31":-166.08,"2013-03-31":-42.43,"2006-03-31":-51.37,"2012-03-31":-307.75,"2017-03-31":-612.28,"2010-03-31":-444.04,"2009-03-31":-344.11,"2007-03-31":676.03}],["Net Cash Flow",{"2008-03-31":-7.5,"2016-03-31":195.33,"2014-03-31":-13.07,"2011-03-31":1.51,"2015-03-31":12.67,"2013-03-31":2.55,"2006-03-31":-39.74,"2012-03-31":10.11,"2017-03-31":-44.96,"2010-03-31":-40.29,"2009-03-31":31.62,"2007-03-31":14.91}]],"quarters":[["Sales",{"2016-06-30":820.08,"2016-12-31":786.43,"2017-03-31":696.57,"2017-06-30":859.44,"2015-06-30":802.32,"2015-03-31":671.49,"2017-09-30":794.8,"2015-12-31":761.1,"2016-03-31":676.75,"2017-12-31":848.43,"2016-09-30":759.12,"2015-09-30":748.23}],["Expenses",{"2016-06-30":703.99,"2016-12-31":689.49,"2017-03-31":631.77,"2017-06-30":699.23,"2015-06-30":688.71,"2015-03-31":652.53,"2017-09-30":672.3,"2015-12-31":666.74,"2016-03-31":658.87,"2017-12-31":699.95,"2016-09-30":674.3,"2015-09-30":678.18}],["Operating Profit",{"2016-06-30":116.09,"2016-12-31":96.94,"2017-03-31":64.8,"2017-06-30":160.21,"2015-06-30":113.61,"2015-03-31":18.96,"2017-09-30":122.5,"2015-12-31":94.36,"2016-03-31":17.88,"2017-12-31":148.48,"2016-09-30":84.82,"2015-09-30":70.05}],["OPM",{"2016-06-30":14.16,"2016-12-31":12.33,"2017-03-31":9.3,"2017-06-30":18.64,"2015-06-30":14.16,"2015-03-31":2.82,"2017-09-30":15.41,"2015-12-31":12.4,"2016-03-31":2.64,"2017-12-31":17.5,"2016-09-30":11.17,"2015-09-30":9.36}],["Other Income",{"2016-06-30":12.74,"2016-12-31":18.24,"2017-03-31":14.37,"2017-06-30":63.79,"2015-06-30":3.84,"2015-03-31":13.39,"2017-09-30":52.17,"2015-12-31":3.48,"2016-03-31":26.33,"2017-12-31":128.37,"2016-09-30":50.99,"2015-09-30":77.83}],["Depreciation",{"2016-06-30":5.56,"2016-12-31":5.99,"2017-03-31":6.32,"2017-06-30":6.28,"2015-06-30":5.41,"2015-03-31":5.54,"2017-09-30":6.61,"2015-12-31":5.63,"2016-03-31":6.0,"2017-12-31":6.99,"2016-09-30":5.83,"2015-09-30":5.75}],["Interest",{"2016-06-30":12.18,"2016-12-31":12.43,"2017-03-31":9.7,"2017-06-30":3.12,"2015-06-30":11.81,"2015-03-31":10.15,"2017-09-30":3.5,"2015-12-31":20.14,"2016-03-31":23.48,"2017-12-31":3.51,"2016-09-30":14.79,"2015-09-30":12.28}],["Profit before tax",{"2016-06-30":111.09,"2016-12-31":96.76,"2017-03-31":63.15,"2017-06-30":214.6,"2015-06-30":100.23,"2015-03-31":16.66,"2017-09-30":164.56,"2015-12-31":72.07,"2016-03-31":14.73,"2017-12-31":266.35,"2016-09-30":115.19,"2015-09-30":129.85}],["Tax",{"2016-06-30":37.83,"2016-12-31":24.3,"2017-03-31":19.19,"2017-06-30":62.12,"2015-06-30":34.79,"2015-03-31":-26.25,"2017-09-30":44.31,"2015-12-31":22.7,"2016-03-31":8.69,"2017-12-31":57.92,"2016-09-30":28.87,"2015-09-30":24.21}],["Net Profit",{"2016-06-30":73.26,"2016-12-31":72.46,"2017-03-31":43.96,"2017-06-30":152.48,"2015-06-30":65.44,"2015-03-31":42.91,"2017-09-30":120.25,"2015-12-31":49.37,"2016-03-31":6.04,"2017-12-31":208.43,"2016-09-30":86.32,"2015-09-30":105.64}]]},"bse_code":"500800","short_name":"Tata Global","nse_code":"TATAGLOBAL","companyrating_set":[{"rating__rating":"[ICRA]AA+ (stable)","instrument":"Bank Loan Rating-Long Term","rating__source":"icra","link":"http://icra.in/search.aspx?word=Tata Global Beverages Ltd"},{"rating__rating":"[ICRA]A1+","instrument":"Bank Loan Rating-Short Term","rating__source":"icra","link":"http://icra.in/search.aspx?word=Tata Global Beverages Ltd"},{"rating__rating":"[ICRA]AA+ (stable)","instrument":"Corporate Debt Rating-Long Term","rating__source":"icra","link":"http://icra.in/search.aspx?word=Tata Global Beverages Ltd"},{"rating__rating":"[ICRA]A1+","instrument":"Corporate Debt Rating-Short Term","rating__source":"icra","link":"http://icra.in/search.aspx?word=Tata Global Beverages Ltd"}],"annualreport_set":[{"source":"bse","report_date":2017,"link":"http://www.bseindia.com/bseplus/AnnualReport/500800/5008000317.pdf"},{"source":"bse","report_date":2016,"link":"http://www.bseindia.com/bseplus/AnnualReport/500800/5008000316.pdf"},{"source":"bse","report_date":2015,"link":"http://www.bseindia.com/bseplus/AnnualReport/500800/5008000315.pdf"},{"source":"bse","report_date":2014,"link":"http://www.bseindia.com/bseplus/AnnualReport/500800/5008000314.pdf"},{"source":"bse","report_date":2013,"link":"http://www.bseindia.com/bseplus/annualreport/500800/5008000313.pdf"},{"source":"bse","report_date":2012,"link":"http://www.bseindia.com/bseplus/annualreport/500800/5008000312.pdf"},{"source":"nse","report_date":2012,"link":"http://nseindia.com/annual_reports/AR_TATAGLOBAL_2011_2012_25092012030606.zip"},{"source":"bse","report_date":2011,"link":"http://www.bseindia.com/bseplus/annualreport/500800/5008000311.pdf"},{"source":"nse","report_date":2011,"link":"http://nseindia.com/annual_reports/AR_TATAGLOBAL_2010_2011_16092011072526.zip"},{"source":"bse","report_date":2010,"link":"http://www.bseindia.com/bseplus/annualreport/500800/5008000310.pdf"},{"source":"nse","report_date":2010,"link":"http://nseindia.com/annual_reports/AR_TATAGLOBAL_2009_2010_21042011102526.zip"}],"announcement_set":[{"ann_date":"22 Mar 2018","announcement":"Announcement Of Closure Of Trading Window","link":"https://www.bseindia.com/corporates/anndet_new.aspx?newsid=e5ea28cc-b976-4bd2-b4cf-238a7a3a00db"},{"ann_date":"22 Mar 2018","announcement":"Reappointment Of Executive Director","link":"https://www.bseindia.com/corporates/anndet_new.aspx?newsid=9a73511a-b93c-4e77-bcef-2acef158d6ff"},{"ann_date":"14 Mar 2018","announcement":"Announcement under Regulation 30 (LODR)-Analyst / Investor Meet - Intimation","link":"https://www.bseindia.com/corporates/anndet_new.aspx?newsid=c4fd5889-493d-4780-96f1-8c7b75425818"},{"ann_date":"07 Feb 2018","announcement":"Analyst / Investor Meet - Intimation","link":"http://www.bseindia.com/corporates/anndet_new.aspx?newsid=4ed6bd7a-97a8-428e-9529-669a555e05bd"},{"ann_date":"02 Feb 2018","announcement":"Updates","link":"http://www.bseindia.com/corporates/anndet_new.aspx?newsid=071d9184-e269-4d0b-8126-8150ffd9f5a8"}],"warehouse_set":{"high_price":328.75,"low_price":140.2,"sales_growth":5.16,"current_price":272.7,"dividend_yield":0.86,"face_value":1.0,"id":1118,"sales_growth_3years":4.52,"profit_growth_5years":2.97,"average_return_on_equity_3years":9.25,"book_value":67.24,"status":"Active","pair_url":"/company/TATAGLOBAL/consolidated","sales_growth_10years":11.67,"average_return_on_equity_10years":9.7,"profit_growth":120.56,"market_capitalization":17210.91,"profit_growth_10years":4.7,"price_to_earning":39.85,"industry":"Tea & Coffee","analysis":{"remarks":[],"bad":["The company has delivered a poor growth of 8.53% over past five years.","Promoter holding is low: 34.45%","Company has a low return on equity of 9.25% for last 3 years.","Earnings include an other income of Rs.258.70 Cr."],"good":["Company has reduced debt.","Company is virtually debt free.","Company has been maintaining a healthy dividend payout of 54.26%"]},"result_type":"sa","profit_growth_3years":-3.06,"sales_growth_5years":8.53,"return_on_equity":7.64,"average_return_on_equity_5years":10.08},"id":3367,"name":"Tata Global Beverages Ltd"}
