{"prime":"con","number_set":{"balancesheet":[["Share Capital",{"2008-03-31":234.06,"2016-03-31":254.82,"2014-03-31":254.82,"2011-03-31":254.82,"2015-03-31":254.82,"2013-03-31":254.82,"2006-03-31":215.16,"2012-03-31":254.82,"2017-03-31":254.82,"2010-03-31":243.32,"2009-03-31":235.23,"2007-03-31":215.16}],["Reserves",{"2008-03-31":3337.62,"2016-03-31":7831.43,"2014-03-31":5446.41,"2011-03-31":4485.86,"2015-03-31":5788.45,"2013-03-31":5052.5,"2006-03-31":1952.54,"2012-03-31":4680.69,"2017-03-31":8600.63,"2010-03-31":4039.64,"2009-03-31":3624.07,"2007-03-31":2177.68}],["Borrowings",{"2008-03-31":2343.84,"2016-03-31":3523.72,"2014-03-31":3034.69,"2011-03-31":2996.74,"2015-03-31":2715.88,"2013-03-31":3716.4,"2006-03-31":1454.49,"2012-03-31":3367.09,"2017-03-31":2040.62,"2010-03-31":2946.51,"2009-03-31":3676.1,"2007-03-31":1041.77}],["Other Liabilities",{"2008-03-31":1625.77,"2016-03-31":1621.4,"2014-03-31":2488.54,"2011-03-31":1864.3,"2015-03-31":3199.28,"2013-03-31":2238.6,"2006-03-31":1133.85,"2012-03-31":2665.96,"2017-03-31":2038.15,"2010-03-31":1816.11,"2009-03-31":2440.76,"2007-03-31":1350.7}],["Total Liabilities",{"2008-03-31":7541.29,"2016-03-31":13231.37,"2014-03-31":11224.46,"2011-03-31":9601.72,"2015-03-31":11958.43,"2013-03-31":11262.32,"2006-03-31":4756.04,"2012-03-31":10968.56,"2017-03-31":12934.22,"2010-03-31":9045.58,"2009-03-31":9976.16,"2007-03-31":4785.31}],["Fixed Assets",{"2008-03-31":1343.2,"2016-03-31":1917.08,"2014-03-31":1872.06,"2011-03-31":1587.58,"2015-03-31":1900.5,"2013-03-31":1911.67,"2006-03-31":1464.2,"2012-03-31":1810.03,"2017-03-31":1460.23,"2010-03-31":1592.44,"2009-03-31":1544.98,"2007-03-31":1407.52}],["CWIP",{"2008-03-31":169.38,"2016-03-31":131.61,"2014-03-31":158.62,"2011-03-31":299.53,"2015-03-31":63.72,"2013-03-31":137.3,"2006-03-31":86.77,"2012-03-31":265.38,"2017-03-31":121.83,"2010-03-31":237.65,"2009-03-31":307.22,"2007-03-31":107.22}],["Investments",{"2008-03-31":3741.4,"2016-03-31":5860.84,"2014-03-31":4257.89,"2011-03-31":4901.69,"2015-03-31":4363.85,"2013-03-31":3962.33,"2006-03-31":713.74,"2012-03-31":4613.87,"2017-03-31":6248.06,"2010-03-31":4905.59,"2009-03-31":4473.73,"2007-03-31":1350.28}],["Other Assets",{"2008-03-31":2287.31,"2016-03-31":5321.84,"2014-03-31":4935.89,"2011-03-31":2812.92,"2015-03-31":5630.36,"2013-03-31":5251.02,"2006-03-31":2491.33,"2012-03-31":4279.28,"2017-03-31":5104.1,"2010-03-31":2309.9,"2009-03-31":3650.23,"2007-03-31":1920.29}],["Total Assets",{"2008-03-31":7541.29,"2016-03-31":13231.37,"2014-03-31":11224.46,"2011-03-31":9601.72,"2015-03-31":11958.43,"2013-03-31":11262.32,"2006-03-31":4756.04,"2012-03-31":10968.56,"2017-03-31":12934.22,"2010-03-31":9045.58,"2009-03-31":9976.16,"2007-03-31":4785.31}]],"annual":[["Sales",{"2008-03-31":4036.31,"2016-03-31":8220.86,"2014-03-31":8679.39,"2011-03-31":6332.86,"2015-03-31":10083.6,"2013-03-31":8382.06,"2006-03-31":3518.59,"2012-03-31":7996.25,"2017-03-31":6228.44,"2010-03-31":5412.45,"2009-03-31":8362.09,"2007-03-31":3945.64}],["Expenses",{"2008-03-31":3369.32,"2016-03-31":7175.24,"2014-03-31":7969.29,"2011-03-31":5486.46,"2015-03-31":9044.77,"2013-03-31":7504.75,"2006-03-31":2960.99,"2012-03-31":7105.6,"2017-03-31":5109.24,"2010-03-31":4688.18,"2009-03-31":7536.63,"2007-03-31":3320.11}],["Operating Profit",{"2008-03-31":666.99,"2016-03-31":1045.62,"2014-03-31":710.1,"2011-03-31":846.4,"2015-03-31":1038.83,"2013-03-31":877.31,"2006-03-31":557.6,"2012-03-31":890.65,"2017-03-31":1119.2,"2010-03-31":724.27,"2009-03-31":825.46,"2007-03-31":625.53}],["OPM",{"2008-03-31":16.52,"2016-03-31":12.72,"2014-03-31":8.18,"2011-03-31":13.37,"2015-03-31":10.3,"2013-03-31":10.47,"2006-03-31":15.85,"2012-03-31":11.14,"2017-03-31":17.97,"2010-03-31":13.38,"2009-03-31":9.87,"2007-03-31":15.85}],["Other Income",{"2008-03-31":676.75,"2016-03-31":164.37,"2014-03-31":202.92,"2011-03-31":108.03,"2015-03-31":194.75,"2013-03-31":365.6,"2006-03-31":127.8,"2012-03-31":308.57,"2017-03-31":176.92,"2010-03-31":256.78,"2009-03-31":186.81,"2007-03-31":203.18}],["Interest",{"2008-03-31":38.02,"2016-03-31":215.16,"2014-03-31":185.32,"2011-03-31":201.49,"2015-03-31":186.78,"2013-03-31":203.25,"2006-03-31":36.83,"2012-03-31":210.19,"2017-03-31":214.85,"2010-03-31":205.73,"2009-03-31":191.23,"2007-03-31":44.61}],["Depreciation",{"2008-03-31":148.76,"2016-03-31":153.5,"2014-03-31":158.82,"2011-03-31":204.46,"2015-03-31":192.71,"2013-03-31":214.29,"2006-03-31":138.93,"2012-03-31":224.68,"2017-03-31":152.41,"2010-03-31":187.19,"2009-03-31":163.03,"2007-03-31":150.35}],["Profit before tax",{"2008-03-31":1157.1,"2016-03-31":841.33,"2014-03-31":568.88,"2011-03-31":558.7,"2015-03-31":854.09,"2013-03-31":825.37,"2006-03-31":510.87,"2012-03-31":764.35,"2017-03-31":928.86,"2010-03-31":588.13,"2009-03-31":660.27,"2007-03-31":633.84}],["Tax",{"2008-03-31":207.92,"2016-03-31":175.13,"2014-03-31":132.81,"2011-03-31":150.21,"2015-03-31":216.12,"2013-03-31":182.05,"2006-03-31":157.84,"2012-03-31":177.75,"2017-03-31":236.15,"2010-03-31":153.35,"2009-03-31":208.22,"2007-03-31":189.63}],["Net Profit",{"2008-03-31":949.18,"2016-03-31":666.2,"2014-03-31":436.07,"2011-03-31":408.49,"2015-03-31":637.97,"2013-03-31":643.32,"2006-03-31":353.03,"2012-03-31":586.6,"2017-03-31":692.71,"2010-03-31":434.78,"2009-03-31":452.05,"2007-03-31":444.21}],["EPS (unadj)",{"2008-03-31":39.02,"2016-03-31":26.14,"2014-03-31":15.5,"2011-03-31":14.51,"2015-03-31":22.54,"2013-03-31":23.69,"2006-03-31":15.43,"2012-03-31":21.53,"2017-03-31":27.18,"2010-03-31":16.37,"2009-03-31":17.69,"2007-03-31":19.29}],["Dividend Payout",{"2008-03-31":22.2,"2016-03-31":38.25,"2014-03-31":58.44,"2011-03-31":62.39,"2015-03-31":49.93,"2013-03-31":39.61,"2006-03-31":42.67,"2012-03-31":43.44,"2017-03-31":40.47,"2010-03-31":50.37,"2009-03-31":46.84,"2007-03-31":38.75}]],"cashflow":[["Cash from Operating Activity",{"2008-03-31":480.84,"2016-03-31":1124.76,"2014-03-31":1440.69,"2011-03-31":424.26,"2015-03-31":360.98,"2013-03-31":-299.41,"2006-03-31":246.3,"2012-03-31":340.73,"2017-03-31":2393.41,"2010-03-31":843.07,"2009-03-31":584.22,"2007-03-31":677.03}],["Cash from Investing Activity",{"2008-03-31":-1796.98,"2016-03-31":-119.88,"2014-03-31":-136.78,"2011-03-31":-244.67,"2015-03-31":13.84,"2013-03-31":831.67,"2006-03-31":-876.69,"2012-03-31":89.29,"2017-03-31":-151.72,"2010-03-31":-62.75,"2009-03-31":-711.01,"2007-03-31":-15.93}],["Cash from Financing Activity",{"2008-03-31":1499.29,"2016-03-31":-979.88,"2014-03-31":-1418.37,"2011-03-31":-93.48,"2015-03-31":-778.19,"2013-03-31":-322.18,"2006-03-31":-75.22,"2012-03-31":-336.93,"2017-03-31":-1731.03,"2010-03-31":-706.42,"2009-03-31":487.91,"2007-03-31":-612.68}],["Net Cash Flow",{"2008-03-31":183.15,"2016-03-31":25.0,"2014-03-31":-114.46,"2011-03-31":86.11,"2015-03-31":-403.37,"2013-03-31":210.08,"2006-03-31":-705.61,"2012-03-31":93.09,"2017-03-31":510.66,"2010-03-31":73.9,"2009-03-31":361.12,"2007-03-31":48.42}]],"quarters":[["Sales",{"2016-06-30":1534.38,"2016-12-31":878.49,"2017-03-31":1286.2,"2017-06-30":925.43,"2015-06-30":2290.87,"2015-03-31":2113.82,"2017-09-30":826.15,"2015-12-31":2368.82,"2016-03-31":1761.82,"2017-12-31":911.97,"2016-09-30":1556.57,"2015-09-30":2345.74}],["Expenses",{"2016-06-30":1242.62,"2016-12-31":638.86,"2017-03-31":1115.03,"2017-06-30":742.04,"2015-06-30":1997.47,"2015-03-31":1950.52,"2017-09-30":597.16,"2015-12-31":2098.95,"2016-03-31":1586.21,"2017-12-31":684.36,"2016-09-30":1371.92,"2015-09-30":2060.52}],["Operating Profit",{"2016-06-30":291.76,"2016-12-31":239.63,"2017-03-31":171.17,"2017-06-30":183.39,"2015-06-30":293.4,"2015-03-31":163.3,"2017-09-30":228.99,"2015-12-31":269.87,"2016-03-31":175.61,"2017-12-31":227.61,"2016-09-30":184.65,"2015-09-30":285.22}],["OPM",{"2016-06-30":19.01,"2016-12-31":27.28,"2017-03-31":13.31,"2017-06-30":19.82,"2015-06-30":12.81,"2015-03-31":7.73,"2017-09-30":27.72,"2015-12-31":11.39,"2016-03-31":9.97,"2017-12-31":24.96,"2016-09-30":11.86,"2015-09-30":12.16}],["Other Income",{"2016-06-30":83.12,"2016-12-31":101.64,"2017-03-31":115.51,"2017-06-30":99.2,"2015-06-30":48.19,"2015-03-31":25.82,"2017-09-30":116.3,"2015-12-31":30.78,"2016-03-31":45.89,"2017-12-31":229.39,"2016-09-30":58.97,"2015-09-30":99.44}],["Depreciation",{"2016-06-30":38.17,"2016-12-31":32.46,"2017-03-31":38.15,"2017-06-30":38.05,"2015-06-30":50.68,"2015-03-31":49.22,"2017-09-30":30.91,"2015-12-31":38.44,"2016-03-31":37.72,"2017-12-31":31.04,"2016-09-30":38.09,"2015-09-30":38.48}],["Interest",{"2016-06-30":54.42,"2016-12-31":37.19,"2017-03-31":40.2,"2017-06-30":32.06,"2015-06-30":67.52,"2015-03-31":47.62,"2017-09-30":21.07,"2015-12-31":58.68,"2016-03-31":49.69,"2017-12-31":24.88,"2016-09-30":53.9,"2015-09-30":61.2}],["Profit before tax",{"2016-06-30":282.29,"2016-12-31":271.62,"2017-03-31":208.33,"2017-06-30":212.48,"2015-06-30":223.39,"2015-03-31":92.28,"2017-09-30":293.31,"2015-12-31":203.53,"2016-03-31":134.09,"2017-12-31":401.08,"2016-09-30":151.63,"2015-09-30":284.98}],["Tax",{"2016-06-30":79.33,"2016-12-31":61.66,"2017-03-31":47.37,"2017-06-30":51.9,"2015-06-30":55.2,"2015-03-31":37.56,"2017-09-30":82.81,"2015-12-31":39.08,"2016-03-31":22.18,"2017-12-31":34.69,"2016-09-30":32.81,"2015-09-30":63.36}],["Net Profit",{"2016-06-30":202.96,"2016-12-31":209.96,"2017-03-31":160.96,"2017-06-30":160.58,"2015-06-30":168.19,"2015-03-31":54.72,"2017-09-30":210.5,"2015-12-31":164.45,"2016-03-31":111.91,"2017-12-31":366.39,"2016-09-30":118.82,"2015-09-30":221.62}]]},"bse_code":"500770","short_name":"Tata Chemicals","nse_code":"TATACHEM","companyrating_set":[{"rating__rating":"CARE AA+","instrument":"Bank FacilitiesFund Based - LT","rating__source":"care","link":"http://google.com/search?btnI=1&q=Tata Chemicals Ltd+site:careratings.com"},{"rating__rating":"CARE A1+","instrument":"Bank FacilitiesNon-Fund Based - ST","rating__source":"care","link":"http://google.com/search?btnI=1&q=Tata Chemicals Ltd+site:careratings.com"},{"rating__rating":"IND AA+(Stable)","instrument":"Long Term Rating","rating__source":"fitch","link":"http://www.indiaratings.co.in/search/search.jsp?q=Tata Chemicals Ltd"},{"rating__rating":"CARE AA+","instrument":"LT InstrumentsDebentures","rating__source":"care","link":"http://google.com/search?btnI=1&q=Tata Chemicals Ltd+site:careratings.com"},{"rating__rating":"IND A1+(Stable)","instrument":"Short Term","rating__source":"fitch","link":"http://www.indiaratings.co.in/search/search.jsp?q=Tata Chemicals Ltd"},{"rating__rating":"CRISIL A1+","instrument":"Short Term Debt","rating__source":"crisil","link":"http://www.crisil.com/ratings/company-wise-ratings.jsp?txtSearch=Tata Chemicals Ltd"},{"rating__rating":"BWR AA +(Stable)","instrument":"UnSecured Non Convertible Debentures  250 Crore","rating__source":"brickworks","link":"http://google.com/search?btnI=1&q=Tata Chemicals Ltd+site:brickworkratings.com"}],"annualreport_set":[{"source":"bse","report_date":2017,"link":"http://www.bseindia.com/bseplus/AnnualReport/500770/5007700317.pdf"},{"source":"bse","report_date":2016,"link":"http://www.bseindia.com/bseplus/AnnualReport/500770/5007700316.pdf"},{"source":"bse","report_date":2015,"link":"http://www.bseindia.com/bseplus/AnnualReport/500770/5007700315.pdf"},{"source":"bse","report_date":2014,"link":"http://www.bseindia.com/bseplus/AnnualReport/500770/5007700314.pdf"},{"source":"bse","report_date":2013,"link":"http://www.bseindia.com/bseplus/annualreport/500770/5007700313.pdf"},{"source":"bse","report_date":2012,"link":"http://www.bseindia.com/bseplus/annualreport/500770/5007700312.pdf"},{"source":"nse","report_date":2012,"link":"http://nseindia.com/annual_reports/AR_TATACHEM_2011_2012_25092012035555.zip"},{"source":"bse","report_date":2011,"link":"http://www.bseindia.com/bseplus/annualreport/500770/5007700311.pdf"},{"source":"nse","report_date":2011,"link":"http://nseindia.com/annual_reports/AR_TATACHEM_2010_2011_18072011150000.zip"},{"source":"bse","report_date":2010,"link":"http://www.bseindia.com/bseplus/annualreport/500770/5007700310.pdf"},{"source":"nse","report_date":2010,"link":"http://nseindia.com/annual_reports/AR_TATACHEM_2009_2010_18082010121500.zip"}],"announcement_set":[{"ann_date":"29 Mar 2018","announcement":"Announcement under Regulation 30 (LODR)-Analyst / Investor Meet - Intimation","link":"https://www.bseindia.com/corporates/anndet_new.aspx?newsid=2270236a-c1b6-48fd-b74e-dc02ae176807"},{"ann_date":"26 Mar 2018","announcement":"Announcement under Regulation 30 (LODR)-Scheme of Arrangement","link":"https://www.bseindia.com/corporates/anndet_new.aspx?newsid=615beb65-8b87-4237-8484-181bd3648092"},{"ann_date":"23 Mar 2018","announcement":"Announcement under Regulation 30 (LODR)-Scheme of Arrangement","link":"https://www.bseindia.com/corporates/anndet_new.aspx?newsid=2fbe6f5e-d995-477e-bc70-f6d7e51a7e74"},{"ann_date":"23 Mar 2018","announcement":"Announcement under Regulation 30 (LODR)-Change in Directorate","link":"https://www.bseindia.com/corporates/anndet_new.aspx?newsid=1e712998-4f70-494d-9275-16bec62922fe"},{"ann_date":"28 Feb 2018","announcement":"Announcement under Regulation 30 (LODR)-Analyst / Investor Meet - Intimation","link":"https://www.bseindia.com/corporates/anndet_new.aspx?newsid=93ecbded-438b-495c-a659-eb2b66b57a16"}],"warehouse_set":{"high_price":782.0,"low_price":560.4,"sales_growth":-31.08,"current_price":724.05,"dividend_yield":1.52,"face_value":10.0,"id":724,"sales_growth_3years":-10.47,"profit_growth_5years":-1.58,"average_return_on_equity_3years":8.56,"book_value":376.55,"status":"Active","pair_url":"/company/TATACHEM/consolidated","sales_growth_10years":4.94,"average_return_on_equity_10years":10.1,"profit_growth":39.58,"market_capitalization":18445.9,"profit_growth_10years":0.58,"price_to_earning":20.53,"industry":"Commodity Chemicals","analysis":{"remarks":[],"bad":["The company has delivered a poor growth of -4.87% over past five years.","Promoter holding is low: 30.80%","Company has a low return on equity of 8.56% for last 3 years.","Earnings include an other income of Rs.560.40 Cr."],"good":["Company has reduced debt.","Company has been maintaining a healthy dividend payout of 42.75%"]},"result_type":"sa","profit_growth_3years":3.36,"sales_growth_5years":-4.87,"return_on_equity":7.0,"average_return_on_equity_5years":9.24},"id":3362,"name":"Tata Chemicals Ltd"}
