{"prime":"con","number_set":{"balancesheet":[["Share Capital",{"2006-09-30":472.45,"2008-03-31":472.45,"2016-03-31":480.62,"2014-03-31":472.45,"2011-03-31":472.45,"2015-03-31":472.45,"2013-03-31":472.45,"2012-03-31":472.45,"2017-03-31":480.62,"2010-03-31":472.45,"2009-03-31":472.45,"2007-03-31":472.45}],["Reserves",{"2006-09-30":2159.63,"2008-03-31":2417.31,"2016-03-31":5977.86,"2014-03-31":5704.11,"2011-03-31":4314.68,"2015-03-31":6436.21,"2013-03-31":5617.84,"2012-03-31":5275.43,"2017-03-31":6403.86,"2010-03-31":3487.7,"2009-03-31":2760.95,"2007-03-31":2232.93}],["Borrowings",{"2006-09-30":910.42,"2008-03-31":2871.93,"2016-03-31":8392.46,"2014-03-31":6148.96,"2011-03-31":2615.31,"2015-03-31":5629.34,"2013-03-31":4919.46,"2012-03-31":3703.95,"2017-03-31":8666.12,"2010-03-31":3615.34,"2009-03-31":3606.97,"2007-03-31":1927.92}],["Other Liabilities",{"2006-09-30":1017.01,"2008-03-31":1572.33,"2016-03-31":4990.86,"2014-03-31":2968.75,"2011-03-31":2754.05,"2015-03-31":3343.63,"2013-03-31":2699.81,"2012-03-31":2410.29,"2017-03-31":5573.05,"2010-03-31":2123.58,"2009-03-31":1614.59,"2007-03-31":1293.66}],["Total Liabilities",{"2006-09-30":4559.51,"2008-03-31":7334.02,"2016-03-31":19841.8,"2014-03-31":15294.27,"2011-03-31":10156.49,"2015-03-31":15881.63,"2013-03-31":13709.56,"2012-03-31":11862.12,"2017-03-31":21123.65,"2010-03-31":9699.07,"2009-03-31":8454.96,"2007-03-31":5926.96}],["Fixed Assets",{"2006-09-30":2502.79,"2008-03-31":3171.86,"2016-03-31":14907.49,"2014-03-31":9297.91,"2011-03-31":6614.23,"2015-03-31":9100.5,"2013-03-31":7277.62,"2012-03-31":7096.13,"2017-03-31":16598.47,"2010-03-31":6531.81,"2009-03-31":3638.21,"2007-03-31":2621.45}],["CWIP",{"2006-09-30":978.78,"2008-03-31":2814.88,"2016-03-31":204.18,"2014-03-31":118.15,"2011-03-31":384.53,"2015-03-31":165.99,"2013-03-31":2074.67,"2012-03-31":1337.22,"2017-03-31":322.98,"2010-03-31":170.67,"2009-03-31":2867.1,"2007-03-31":2247.56}],["Investments",{"2006-09-30":207.78,"2008-03-31":61.88,"2016-03-31":695.02,"2014-03-31":2611.88,"2011-03-31":964.16,"2015-03-31":2657.61,"2013-03-31":1712.83,"2012-03-31":1270.24,"2017-03-31":754.25,"2010-03-31":357.9,"2009-03-31":157.79,"2007-03-31":125.33}],["Other Assets",{"2006-09-30":870.16,"2008-03-31":1285.4,"2016-03-31":4035.11,"2014-03-31":3266.33,"2011-03-31":2193.57,"2015-03-31":3957.53,"2013-03-31":2644.44,"2012-03-31":2158.53,"2017-03-31":3447.95,"2010-03-31":2638.69,"2009-03-31":1791.86,"2007-03-31":932.62}],["Total Assets",{"2006-09-30":4559.51,"2008-03-31":7334.02,"2016-03-31":19841.8,"2014-03-31":15294.27,"2011-03-31":10156.49,"2015-03-31":15881.63,"2013-03-31":13709.56,"2012-03-31":11862.12,"2017-03-31":21123.65,"2010-03-31":9699.07,"2009-03-31":8454.96,"2007-03-31":5926.96}]],"annual":[["Sales",{"2006-09-30":3783.1,"2008-03-31":3618.32,"2016-03-31":11626.22,"2014-03-31":8575.62,"2011-03-31":6828.28,"2015-03-31":10247.42,"2013-03-31":8129.87,"2012-03-31":7915.61,"2017-03-31":9974.08,"2010-03-31":5823.21,"2009-03-31":4315.76,"2007-03-31":1388.07}],["Expenses",{"2006-09-30":3373.12,"2008-03-31":3284.98,"2016-03-31":8892.09,"2014-03-31":7504.66,"2011-03-31":4937.82,"2015-03-31":8396.66,"2013-03-31":6991.98,"2012-03-31":5825.75,"2017-03-31":7887.23,"2010-03-31":4265.62,"2009-03-31":3777.88,"2007-03-31":1298.43}],["Operating Profit",{"2006-09-30":409.98,"2008-03-31":333.34,"2016-03-31":2734.13,"2014-03-31":1070.96,"2011-03-31":1890.46,"2015-03-31":1850.76,"2013-03-31":1137.89,"2012-03-31":2089.86,"2017-03-31":2086.85,"2010-03-31":1557.59,"2009-03-31":537.88,"2007-03-31":89.64}],["OPM",{"2006-09-30":10.84,"2008-03-31":9.21,"2016-03-31":23.52,"2014-03-31":12.49,"2011-03-31":27.69,"2015-03-31":18.06,"2013-03-31":14.0,"2012-03-31":26.4,"2017-03-31":20.92,"2010-03-31":26.75,"2009-03-31":12.46,"2007-03-31":6.46}],["Other Income",{"2006-09-30":153.16,"2008-03-31":97.0,"2016-03-31":283.06,"2014-03-31":241.84,"2011-03-31":102.2,"2015-03-31":349.5,"2013-03-31":140.1,"2012-03-31":104.05,"2017-03-31":192.31,"2010-03-31":133.91,"2009-03-31":143.06,"2007-03-31":57.11}],["Interest",{"2006-09-30":61.53,"2008-03-31":59.78,"2016-03-31":1116.24,"2014-03-31":677.18,"2011-03-31":327.15,"2015-03-31":706.16,"2013-03-31":408.48,"2012-03-31":311.97,"2017-03-31":1046.56,"2010-03-31":314.06,"2009-03-31":155.48,"2007-03-31":19.43}],["Depreciation",{"2006-09-30":290.9,"2008-03-31":147.94,"2016-03-31":899.29,"2014-03-31":534.52,"2011-03-31":392.68,"2015-03-31":547.98,"2013-03-31":407.93,"2012-03-31":365.88,"2017-03-31":989.42,"2010-03-31":335.35,"2009-03-31":183.05,"2007-03-31":65.23}],["Profit before tax",{"2006-09-30":360.24,"2008-03-31":376.52,"2016-03-31":1273.09,"2014-03-31":246.44,"2011-03-31":1428.39,"2015-03-31":1109.05,"2013-03-31":622.74,"2012-03-31":1679.25,"2017-03-31":583.94,"2010-03-31":1186.03,"2009-03-31":484.76,"2007-03-31":129.64}],["Tax",{"2006-09-30":180.97,"2008-03-31":165.28,"2016-03-31":373.98,"2014-03-31":151.6,"2011-03-31":362.67,"2015-03-31":366.99,"2013-03-31":237.78,"2012-03-31":441.79,"2017-03-31":151.58,"2010-03-31":349.48,"2009-03-31":76.87,"2007-03-31":57.88}],["Net Profit",{"2006-09-30":179.27,"2008-03-31":211.24,"2016-03-31":899.11,"2014-03-31":94.84,"2011-03-31":1065.72,"2015-03-31":742.06,"2013-03-31":384.96,"2012-03-31":1237.46,"2017-03-31":432.36,"2010-03-31":836.55,"2009-03-31":407.89,"2007-03-31":71.76}],["EPS (unadj)",{"2006-09-30":2.42,"2008-03-31":4.27,"2016-03-31":18.71,"2014-03-31":1.92,"2011-03-31":21.67,"2015-03-31":15.4,"2013-03-31":7.81,"2012-03-31":25.14,"2017-03-31":9.0,"2010-03-31":17.21,"2009-03-31":8.29,"2007-03-31":2.93}],["Dividend Payout",{"2006-09-30":31.62,"2008-03-31":26.84,"2016-03-31":24.05,"2014-03-31":24.91,"2011-03-31":24.38,"2015-03-31":9.55,"2013-03-31":24.55,"2012-03-31":24.82,"2017-03-31":24.46,"2010-03-31":16.94,"2009-03-31":23.17,"2007-03-31":26.33}]],"cashflow":[["Cash from Operating Activity",{"2006-09-30":569.36,"2008-03-31":458.52,"2016-03-31":2501.6,"2014-03-31":1272.11,"2011-03-31":1695.19,"2015-03-31":1639.97,"2013-03-31":1513.04,"2012-03-31":1531.01,"2017-03-31":2370.37,"2010-03-31":1665.85,"2009-03-31":668.13,"2007-03-31":409.03}],["Cash from Investing Activity",{"2006-09-30":-1304.11,"2008-03-31":-1248.25,"2016-03-31":-913.15,"2014-03-31":-1224.97,"2011-03-31":-960.31,"2015-03-31":-357.37,"2013-03-31":-2288.47,"2012-03-31":-1545.57,"2017-03-31":-1941.11,"2010-03-31":-547.35,"2009-03-31":-793.54,"2007-03-31":-1410.15}],["Cash from Financing Activity",{"2006-09-30":443.09,"2008-03-31":917.23,"2016-03-31":-2125.76,"2014-03-31":532.28,"2011-03-31":-545.64,"2015-03-31":-1161.1,"2013-03-31":696.15,"2012-03-31":-39.19,"2017-03-31":-642.45,"2010-03-31":-419.62,"2009-03-31":553.95,"2007-03-31":905.19}],["Net Cash Flow",{"2006-09-30":-291.66,"2008-03-31":127.5,"2016-03-31":-537.31,"2014-03-31":579.42,"2011-03-31":189.24,"2015-03-31":121.5,"2013-03-31":-79.28,"2012-03-31":-53.75,"2017-03-31":-213.19,"2010-03-31":698.88,"2009-03-31":428.54,"2007-03-31":-95.93}]],"quarters":[["Sales",{"2016-06-30":2583.67,"2016-12-31":2314.42,"2017-03-31":2440.8,"2017-06-30":3047.23,"2015-06-30":3058.38,"2015-03-31":2544.75,"2017-09-30":2888.11,"2015-12-31":3018.11,"2016-03-31":2477.26,"2017-12-31":2742.41,"2016-09-30":2675.69,"2015-09-30":3099.11}],["Expenses",{"2016-06-30":2075.44,"2016-12-31":1738.5,"2017-03-31":1754.5,"2017-06-30":2263.68,"2015-06-30":2313.75,"2015-03-31":1863.69,"2017-09-30":2075.9,"2015-12-31":2087.89,"2016-03-31":1948.95,"2017-12-31":1959.09,"2016-09-30":2018.53,"2015-09-30":2337.84}],["Operating Profit",{"2016-06-30":508.23,"2016-12-31":575.92,"2017-03-31":686.3,"2017-06-30":783.55,"2015-06-30":744.63,"2015-03-31":681.06,"2017-09-30":812.21,"2015-12-31":930.22,"2016-03-31":528.31,"2017-12-31":783.32,"2016-09-30":657.16,"2015-09-30":761.27}],["OPM",{"2016-06-30":19.67,"2016-12-31":24.88,"2017-03-31":28.12,"2017-06-30":25.71,"2015-06-30":24.35,"2015-03-31":26.76,"2017-09-30":28.12,"2015-12-31":30.82,"2016-03-31":21.33,"2017-12-31":28.56,"2016-09-30":24.56,"2015-09-30":24.56}],["Other Income",{"2016-06-30":42.4,"2016-12-31":51.37,"2017-03-31":45.26,"2017-06-30":33.48,"2015-06-30":65.77,"2015-03-31":157.28,"2017-09-30":85.14,"2015-12-31":48.75,"2016-03-31":53.36,"2017-12-31":42.3,"2016-09-30":53.28,"2015-09-30":118.52}],["Depreciation",{"2016-06-30":237.04,"2016-12-31":250.54,"2017-03-31":264.96,"2017-06-30":273.59,"2015-06-30":220.15,"2015-03-31":137.52,"2017-09-30":275.97,"2015-12-31":224.93,"2016-03-31":231.82,"2017-12-31":266.28,"2016-09-30":236.88,"2015-09-30":214.51}],["Interest",{"2016-06-30":260.57,"2016-12-31":258.61,"2017-03-31":266.06,"2017-06-30":207.56,"2015-06-30":284.83,"2015-03-31":166.93,"2017-09-30":210.98,"2015-12-31":265.08,"2016-03-31":251.25,"2017-12-31":212.52,"2016-09-30":261.32,"2015-09-30":314.62}],["Profit before tax",{"2016-06-30":53.02,"2016-12-31":118.14,"2017-03-31":200.54,"2017-06-30":335.88,"2015-06-30":305.42,"2015-03-31":533.89,"2017-09-30":410.4,"2015-12-31":488.96,"2016-03-31":98.6,"2017-12-31":346.82,"2016-09-30":212.24,"2015-09-30":350.66}],["Tax",{"2016-06-30":9.32,"2016-12-31":12.01,"2017-03-31":66.02,"2017-06-30":137.98,"2015-06-30":98.2,"2015-03-31":164.46,"2017-09-30":102.95,"2015-12-31":132.82,"2016-03-31":24.25,"2017-12-31":145.59,"2016-09-30":64.23,"2015-09-30":111.86}],["Net Profit",{"2016-06-30":43.7,"2016-12-31":106.13,"2017-03-31":134.52,"2017-06-30":197.9,"2015-06-30":207.22,"2015-03-31":369.43,"2017-09-30":307.45,"2015-12-31":356.14,"2016-03-31":74.35,"2017-12-31":201.23,"2016-09-30":148.01,"2015-09-30":238.8}]]},"bse_code":"532779","short_name":"Torrent Power","nse_code":"TORNTPOWER","companyrating_set":[{"rating__rating":"CRISIL AA","instrument":"Cash Credit Limit","rating__source":"crisil","link":"http://www.crisil.com/ratings/company-wise-ratings.jsp?txtSearch=Torrent Power Ltd"},{"rating__rating":"CRISIL A1+","instrument":"Commercial Paper","rating__source":"crisil","link":"http://www.crisil.com/ratings/company-wise-ratings.jsp?txtSearch=Torrent Power Ltd"},{"rating__rating":"CRISIL A1+","instrument":"Letter of Credit and Bank Guarantee","rating__source":"crisil","link":"http://www.crisil.com/ratings/company-wise-ratings.jsp?txtSearch=Torrent Power Ltd"},{"rating__rating":"CRISIL AA","instrument":"Non Convertible Debenture","rating__source":"crisil","link":"http://www.crisil.com/ratings/company-wise-ratings.jsp?txtSearch=Torrent Power Ltd"},{"rating__rating":"CRISIL A1+","instrument":"Proposed Letter of Credit & Bank Guarantee","rating__source":"crisil","link":"http://www.crisil.com/ratings/company-wise-ratings.jsp?txtSearch=Torrent Power Ltd"},{"rating__rating":"CRISIL AA","instrument":"Proposed Long-Term Bank Facility","rating__source":"crisil","link":"http://www.crisil.com/ratings/company-wise-ratings.jsp?txtSearch=Torrent Power Ltd"},{"rating__rating":"CRISIL AA","instrument":"Term Loan Facilities","rating__source":"crisil","link":"http://www.crisil.com/ratings/company-wise-ratings.jsp?txtSearch=Torrent Power Ltd"}],"annualreport_set":[{"source":"bse","report_date":2017,"link":"http://www.bseindia.com/bseplus/AnnualReport/532779/5327790317.pdf"},{"source":"bse","report_date":2016,"link":"http://www.bseindia.com/bseplus/AnnualReport/532779/5327790316.pdf"},{"source":"bse","report_date":2015,"link":"http://www.bseindia.com/bseplus/AnnualReport/532779/5327790315.pdf"},{"source":"bse","report_date":2014,"link":"http://www.bseindia.com/bseplus/AnnualReport/532779/5327790314.pdf"},{"source":"bse","report_date":2013,"link":"http://www.bseindia.com/bseplus/annualreport/532779/5327790313.pdf"},{"source":"nse","report_date":2013,"link":"http://nseindia.com/annual_reports/AR_193_TORNTPOWER_2012_2013_01072013174011.zip"},{"source":"bse","report_date":2012,"link":"http://www.bseindia.com/bseplus/annualreport/532779/5327790312.PDF"},{"source":"bse","report_date":2011,"link":"http://www.bseindia.com/bseplus/annualreport/532779/5327790311.pdf"},{"source":"nse","report_date":2011,"link":"http://nseindia.com/annual_reports/AR_TORNTPOWER_2010_2011_22072011052625.zip"},{"source":"bse","report_date":2010,"link":"http://www.bseindia.com/bseplus/annualreport/532779/532779_2009-10.pdf"},{"source":"nse","report_date":2010,"link":"http://nseindia.com/annual_reports/AR_TORNTPOWER_2009_2010_18082010121500.zip"}],"announcement_set":[{"ann_date":"26 Mar 2018","announcement":"Board Meeting-Closure of Trading Window","link":"https://www.bseindia.com/corporates/anndet_new.aspx?newsid=fb3b39f6-3202-4978-9f75-dc4c0208cc59"},{"ann_date":"07 Mar 2018","announcement":"Announcement under Regulation 30 (LODR)-Updates","link":"https://www.bseindia.com/corporates/anndet_new.aspx?newsid=32279a11-8af7-42f5-a0b1-6268ac88b3a2"},{"ann_date":"03 Mar 2018","announcement":"Announcement under Regulation 30 (LODR)-Resignation of Company Secretary / Compliance Officer","link":"https://www.bseindia.com/corporates/anndet_new.aspx?newsid=c10127a1-db11-480e-8034-4a5d0f9db957"},{"ann_date":"14 Feb 2018","announcement":"Announcement under Regulation 30 (LODR)-Acquisition","link":"https://www.bseindia.com/corporates/anndet_new.aspx?newsid=6355afcb-c240-47a0-9141-e9585a249298"},{"ann_date":"14 Feb 2018","announcement":"Announcement under Regulation 30 (LODR)-Updates","link":"https://www.bseindia.com/corporates/anndet_new.aspx?newsid=8a8434cb-a15c-4f3d-b1b5-641446ae50fe"}],"warehouse_set":{"high_price":307.35,"low_price":171.5,"sales_growth":10.62,"current_price":247.9,"dividend_yield":0.89,"face_value":10.0,"id":2628,"sales_growth_3years":5.16,"profit_growth_5years":-20.36,"average_return_on_equity_3years":9.96,"book_value":157.94,"status":"Active","pair_url":"/company/TORNTPOWER/consolidated","sales_growth_10years":11.92,"average_return_on_equity_10years":11.99,"profit_growth":125.99,"market_capitalization":11914.49,"profit_growth_10years":6.92,"price_to_earning":14.17,"industry":"Electric Utilities","analysis":{"remarks":[],"bad":["The company has delivered a poor growth of 4.73% over past five years.","Company has a low return on equity of 9.96% for last 3 years."],"good":["Company has been maintaining a healthy dividend payout of 18.95%"]},"result_type":"sa","profit_growth_3years":67.57,"sales_growth_5years":4.73,"return_on_equity":5.94,"average_return_on_equity_5years":7.64},"id":3446,"name":"Torrent Power Ltd"}
