{"prime":"con","number_set":{"balancesheet":[["Share Capital",{"2008-03-31":26.73,"2016-03-31":342.87,"2014-03-31":342.33,"2011-03-31":47.56,"2015-03-31":342.87,"2013-03-31":342.33,"2006-03-31":10.0,"2012-03-31":72.42,"2017-03-31":342.87,"2010-03-31":36.33,"2009-03-31":35.83,"2007-03-31":26.73}],["Reserves",{"2008-03-31":99.42,"2016-03-31":3254.75,"2014-03-31":3131.22,"2011-03-31":641.9,"2015-03-31":3146.13,"2013-03-31":3072.23,"2006-03-31":-46.09,"2012-03-31":704.99,"2017-03-31":3354.27,"2010-03-31":187.55,"2009-03-31":244.66,"2007-03-31":106.29}],["Borrowings",{"2008-03-31":90.99,"2016-03-31":222.51,"2014-03-31":191.11,"2011-03-31":292.97,"2015-03-31":232.06,"2013-03-31":238.0,"2006-03-31":72.39,"2012-03-31":707.32,"2017-03-31":236.69,"2010-03-31":440.49,"2009-03-31":119.29,"2007-03-31":79.89}],["Other Liabilities",{"2008-03-31":57.53,"2016-03-31":363.77,"2014-03-31":126.6,"2011-03-31":72.23,"2015-03-31":149.35,"2013-03-31":170.63,"2006-03-31":44.61,"2012-03-31":183.75,"2017-03-31":209.4,"2010-03-31":252.39,"2009-03-31":105.93,"2007-03-31":26.83}],["Total Liabilities",{"2008-03-31":274.67,"2016-03-31":4183.9,"2014-03-31":3791.26,"2011-03-31":1054.66,"2015-03-31":3870.41,"2013-03-31":3823.19,"2006-03-31":80.91,"2012-03-31":1668.48,"2017-03-31":4143.23,"2010-03-31":916.76,"2009-03-31":505.71,"2007-03-31":239.74}],["Fixed Assets",{"2008-03-31":51.23,"2016-03-31":43.67,"2014-03-31":110.04,"2011-03-31":66.44,"2015-03-31":44.24,"2013-03-31":115.32,"2006-03-31":45.89,"2012-03-31":127.5,"2017-03-31":87.58,"2010-03-31":75.47,"2009-03-31":85.22,"2007-03-31":43.24}],["CWIP",{"2008-03-31":0.21,"2016-03-31":11.47,"2014-03-31":0.0,"2011-03-31":0.32,"2015-03-31":0.13,"2013-03-31":0.06,"2006-03-31":0.0,"2012-03-31":0.28,"2017-03-31":0.92,"2010-03-31":0.0,"2009-03-31":0.0,"2007-03-31":0.0}],["Investments",{"2008-03-31":98.81,"2016-03-31":3337.7,"2014-03-31":3258.46,"2011-03-31":718.49,"2015-03-31":3272.63,"2013-03-31":1267.05,"2006-03-31":9.34,"2012-03-31":1050.81,"2017-03-31":3392.33,"2010-03-31":465.11,"2009-03-31":253.07,"2007-03-31":109.15}],["Other Assets",{"2008-03-31":124.42,"2016-03-31":791.06,"2014-03-31":422.76,"2011-03-31":269.41,"2015-03-31":553.41,"2013-03-31":2440.76,"2006-03-31":25.68,"2012-03-31":489.89,"2017-03-31":662.4,"2010-03-31":376.18,"2009-03-31":167.42,"2007-03-31":87.35}],["Total Assets",{"2008-03-31":274.67,"2016-03-31":4183.9,"2014-03-31":3791.26,"2011-03-31":1054.66,"2015-03-31":3870.41,"2013-03-31":3823.19,"2006-03-31":80.91,"2012-03-31":1668.48,"2017-03-31":4143.23,"2010-03-31":916.76,"2009-03-31":505.71,"2007-03-31":239.74}]],"annual":[["Sales",{"2008-03-31":131.18,"2016-03-31":626.18,"2014-03-31":516.05,"2011-03-31":252.65,"2015-03-31":605.61,"2013-03-31":533.08,"2006-03-31":5.91,"2012-03-31":620.7,"2017-03-31":666.81,"2010-03-31":209.5,"2009-03-31":180.86,"2007-03-31":78.88}],["Expenses",{"2008-03-31":null,"2016-03-31":503.01,"2014-03-31":428.53,"2011-03-31":259.65,"2015-03-31":567.85,"2013-03-31":435.07,"2006-03-31":null,"2012-03-31":565.38,"2017-03-31":544.98,"2010-03-31":null,"2009-03-31":null,"2007-03-31":null}],["Operating Profit",{"2008-03-31":null,"2016-03-31":123.17,"2014-03-31":87.52,"2011-03-31":-7.0,"2015-03-31":37.76,"2013-03-31":98.01,"2006-03-31":null,"2012-03-31":55.32,"2017-03-31":121.83,"2010-03-31":null,"2009-03-31":null,"2007-03-31":null}],["OPM",{"2008-03-31":null,"2016-03-31":19.67,"2014-03-31":16.96,"2011-03-31":-2.77,"2015-03-31":6.24,"2013-03-31":18.39,"2006-03-31":null,"2012-03-31":8.91,"2017-03-31":18.27,"2010-03-31":null,"2009-03-31":null,"2007-03-31":null}],["Other Income",{"2008-03-31":3.97,"2016-03-31":30.42,"2014-03-31":15.4,"2011-03-31":9.51,"2015-03-31":15.09,"2013-03-31":37.39,"2006-03-31":0.61,"2012-03-31":66.65,"2017-03-31":37.25,"2010-03-31":54.22,"2009-03-31":12.98,"2007-03-31":2.0}],["Interest",{"2008-03-31":12.12,"2016-03-31":18.55,"2014-03-31":22.47,"2011-03-31":40.08,"2015-03-31":17.3,"2013-03-31":101.02,"2006-03-31":1.58,"2012-03-31":85.4,"2017-03-31":18.68,"2010-03-31":43.39,"2009-03-31":19.15,"2007-03-31":8.3}],["Depreciation",{"2008-03-31":6.25,"2016-03-31":10.05,"2014-03-31":20.91,"2011-03-31":11.68,"2015-03-31":20.94,"2013-03-31":22.91,"2006-03-31":3.41,"2012-03-31":24.46,"2017-03-31":17.83,"2010-03-31":13.04,"2009-03-31":15.65,"2007-03-31":5.1}],["Profit before tax",{"2008-03-31":-5.92,"2016-03-31":125.0,"2014-03-31":59.55,"2011-03-31":-49.25,"2015-03-31":14.63,"2013-03-31":11.46,"2006-03-31":-45.73,"2012-03-31":12.11,"2017-03-31":122.57,"2010-03-31":-82.1,"2009-03-31":-66.62,"2007-03-31":-31.18}],["Tax",{"2008-03-31":0.95,"2016-03-31":0.0,"2014-03-31":0.34,"2011-03-31":0.0,"2015-03-31":0.0,"2013-03-31":1.23,"2006-03-31":0.36,"2012-03-31":2.87,"2017-03-31":21.11,"2010-03-31":0.0,"2009-03-31":1.6,"2007-03-31":0.85}],["Net Profit",{"2008-03-31":-6.87,"2016-03-31":125.0,"2014-03-31":59.21,"2011-03-31":-49.25,"2015-03-31":14.63,"2013-03-31":10.22,"2006-03-31":-46.09,"2012-03-31":9.24,"2017-03-31":101.46,"2010-03-31":-82.1,"2009-03-31":-68.22,"2007-03-31":-32.03}],["EPS (unadj)",{"2008-03-31":0.0,"2016-03-31":0.73,"2014-03-31":0.35,"2011-03-31":0.0,"2015-03-31":0.09,"2013-03-31":0.06,"2006-03-31":0.0,"2012-03-31":0.26,"2017-03-31":0.59,"2010-03-31":0.0,"2009-03-31":0.0,"2007-03-31":0.0}],["Dividend Payout",{"2008-03-31":-0.0,"2016-03-31":0.0,"2014-03-31":0.0,"2011-03-31":-0.0,"2015-03-31":0.0,"2013-03-31":0.0,"2006-03-31":-0.0,"2012-03-31":0.0,"2017-03-31":0.0,"2010-03-31":-0.0,"2009-03-31":-0.0,"2007-03-31":-0.0}]],"cashflow":[["Cash from Operating Activity",{"2008-03-31":-15.67,"2016-03-31":220.73,"2014-03-31":38.6,"2011-03-31":-33.02,"2015-03-31":-27.84,"2013-03-31":173.5,"2006-03-31":-43.91,"2012-03-31":242.14,"2017-03-31":-63.08,"2010-03-31":-32.8,"2009-03-31":-4.35,"2007-03-31":-50.42}],["Cash from Investing Activity",{"2008-03-31":-12.28,"2016-03-31":-193.5,"2014-03-31":-42.16,"2011-03-31":-269.71,"2015-03-31":-19.5,"2013-03-31":-2161.29,"2006-03-31":-58.81,"2012-03-31":-198.55,"2017-03-31":68.57,"2010-03-31":-216.21,"2009-03-31":-307.53,"2007-03-31":-111.72}],["Cash from Financing Activity",{"2008-03-31":25.59,"2016-03-31":-28.18,"2014-03-31":-85.07,"2011-03-31":159.68,"2015-03-31":21.31,"2013-03-31":2077.04,"2006-03-31":111.7,"2012-03-31":-57.62,"2017-03-31":-4.5,"2010-03-31":439.09,"2009-03-31":307.79,"2007-03-31":168.96}],["Net Cash Flow",{"2008-03-31":-2.36,"2016-03-31":-0.96,"2014-03-31":-88.63,"2011-03-31":-143.05,"2015-03-31":-26.04,"2013-03-31":89.25,"2006-03-31":8.98,"2012-03-31":-14.03,"2017-03-31":1.0,"2010-03-31":190.08,"2009-03-31":-4.09,"2007-03-31":6.82}]],"quarters":[["Sales",{"2016-06-30":131.8,"2016-12-31":172.2,"2017-03-31":202.99,"2017-06-30":152.55,"2015-06-30":126.24,"2015-03-31":176.47,"2017-09-30":158.66,"2015-12-31":170.26,"2016-03-31":196.2,"2017-12-31":196.18,"2016-09-30":159.82,"2015-09-30":133.49}],["Expenses",{"2016-06-30":135.13,"2016-12-31":128.74,"2017-03-31":140.41,"2017-06-30":129.88,"2015-06-30":115.65,"2015-03-31":117.78,"2017-09-30":130.29,"2015-12-31":124.96,"2016-03-31":137.31,"2017-12-31":140.19,"2016-09-30":140.7,"2015-09-30":125.42}],["Operating Profit",{"2016-06-30":-3.33,"2016-12-31":43.46,"2017-03-31":62.58,"2017-06-30":22.67,"2015-06-30":10.59,"2015-03-31":58.69,"2017-09-30":28.37,"2015-12-31":45.3,"2016-03-31":58.89,"2017-12-31":55.99,"2016-09-30":19.12,"2015-09-30":8.07}],["OPM",{"2016-06-30":-2.53,"2016-12-31":25.24,"2017-03-31":30.83,"2017-06-30":14.86,"2015-06-30":8.39,"2015-03-31":33.26,"2017-09-30":17.88,"2015-12-31":26.61,"2016-03-31":30.02,"2017-12-31":28.54,"2016-09-30":11.96,"2015-09-30":6.05}],["Other Income",{"2016-06-30":9.61,"2016-12-31":2.71,"2017-03-31":15.81,"2017-06-30":7.19,"2015-06-30":9.14,"2015-03-31":8.18,"2017-09-30":6.98,"2015-12-31":11.71,"2016-03-31":3.52,"2017-12-31":7.5,"2016-09-30":9.12,"2015-09-30":6.39}],["Depreciation",{"2016-06-30":2.54,"2016-12-31":5.34,"2017-03-31":6.31,"2017-06-30":4.58,"2015-06-30":2.5,"2015-03-31":3.46,"2017-09-30":4.6,"2015-12-31":2.54,"2016-03-31":2.47,"2017-12-31":4.66,"2016-09-30":3.65,"2015-09-30":2.53}],["Interest",{"2016-06-30":4.21,"2016-12-31":4.72,"2017-03-31":4.11,"2017-06-30":3.58,"2015-06-30":5.05,"2015-03-31":2.51,"2017-09-30":3.8,"2015-12-31":4.75,"2016-03-31":4.52,"2017-12-31":5.28,"2016-09-30":5.63,"2015-09-30":4.23}],["Profit before tax",{"2016-06-30":-0.47,"2016-12-31":36.11,"2017-03-31":67.97,"2017-06-30":21.7,"2015-06-30":12.18,"2015-03-31":60.9,"2017-09-30":26.95,"2015-12-31":49.71,"2016-03-31":55.41,"2017-12-31":53.55,"2016-09-30":18.96,"2015-09-30":7.7}],["Tax",{"2016-06-30":0.0,"2016-12-31":5.6,"2017-03-31":15.52,"2017-06-30":7.38,"2015-06-30":0.0,"2015-03-31":0.0,"2017-09-30":8.37,"2015-12-31":0.0,"2016-03-31":0.0,"2017-12-31":18.1,"2016-09-30":0.0,"2015-09-30":0.0}],["Net Profit",{"2016-06-30":-0.47,"2016-12-31":30.51,"2017-03-31":52.45,"2017-06-30":14.32,"2015-06-30":12.18,"2015-03-31":60.9,"2017-09-30":18.58,"2015-12-31":49.71,"2016-03-31":55.41,"2017-12-31":35.45,"2016-09-30":18.96,"2015-09-30":7.7}]]},"bse_code":"532800","short_name":"TV18 Broadcast","nse_code":"TV18BRDCST","companyrating_set":[{"rating__rating":"[ICRA]A (Positive)","instrument":"Bank Loan Rating-Long Term","rating__source":"icra","link":"http://icra.in/search.aspx?word=TV18 Broadcast Ltd"},{"rating__rating":"MA (Positive)","instrument":"Bank Loan Rating-Medium Term","rating__source":"icra","link":"http://icra.in/search.aspx?word=TV18 Broadcast Ltd"},{"rating__rating":"[ICRA]A1+","instrument":"Bank Loan Rating-Short Term","rating__source":"icra","link":"http://icra.in/search.aspx?word=TV18 Broadcast Ltd"},{"rating__rating":"[ICRA]A1+ (SO)","instrument":"Bank Loan Rating-Short Term","rating__source":"icra","link":"http://icra.in/search.aspx?word=TV18 Broadcast Ltd"},{"rating__rating":"[ICRA]A (Positive)","instrument":"Corporate Debt Rating-Long Term","rating__source":"icra","link":"http://icra.in/search.aspx?word=TV18 Broadcast Ltd"},{"rating__rating":"MA (Positive)","instrument":"Corporate Debt Rating-Medium Term","rating__source":"icra","link":"http://icra.in/search.aspx?word=TV18 Broadcast Ltd"},{"rating__rating":"[ICRA]A1+","instrument":"Corporate Debt Rating-Short Term","rating__source":"icra","link":"http://icra.in/search.aspx?word=TV18 Broadcast Ltd"},{"rating__rating":"[ICRA]A1+ (SO)","instrument":"Corporate Debt Rating-Short Term","rating__source":"icra","link":"http://icra.in/search.aspx?word=TV18 Broadcast Ltd"}],"annualreport_set":[{"source":"bse","report_date":2017,"link":"http://www.bseindia.com/bseplus/AnnualReport/532800/5328000317.pdf"},{"source":"bse","report_date":2016,"link":"http://www.bseindia.com/bseplus/AnnualReport/532800/5328000316.pdf"},{"source":"bse","report_date":2015,"link":"http://www.bseindia.com/bseplus/AnnualReport/532800/5328000315.pdf"},{"source":"bse","report_date":2014,"link":"http://www.bseindia.com/bseplus/AnnualReport/532800/5328000314.pdf"},{"source":"bse","report_date":2013,"link":"http://www.bseindia.com/bseplus/annualreport/532800/5328000313.pdf"},{"source":"bse","report_date":2012,"link":"http://www.bseindia.com/bseplus/annualreport/532800/5328000312.PDF"},{"source":"bse","report_date":2011,"link":"http://www.bseindia.com/bseplus/annualreport/532800/5328000311.pdf"},{"source":"nse","report_date":2011,"link":"http://nseindia.com/annual_reports/AR_TV18BRDCST_2010_2011_12092011054848.zip"},{"source":"bse","report_date":2010,"link":"http://www.bseindia.com/bseplus/annualreport/532800/5328000310.pdf"},{"source":"nse","report_date":2010,"link":"http://nseindia.com/annual_reports/AR_IBN18_2009_2010_18082010121500.zip"}],"announcement_set":[{"ann_date":"21 Mar 2018","announcement":"Announcement under Regulation 30 (LODR)-Cessation","link":"https://www.bseindia.com/corporates/anndet_new.aspx?newsid=c5ae6487-6396-4954-8637-6ad3159c2c37"},{"ann_date":"14 Mar 2018","announcement":"Announcement under Regulation 30 (LODR)-Scheme of Arrangement","link":"https://www.bseindia.com/corporates/anndet_new.aspx?newsid=e9aa1588-635e-4cc9-b335-02065d57c3b8"},{"ann_date":"28 Feb 2018","announcement":"Announcement under Regulation 30 (LODR)-Updates","link":"https://www.bseindia.com/corporates/anndet_new.aspx?newsid=ffd44e55-6627-4a38-b7d1-2932f09f4a13"},{"ann_date":"14 Feb 2018","announcement":"Announcement under Regulation 30 (LODR)-Credit Rating","link":"https://www.bseindia.com/corporates/anndet_new.aspx?newsid=fee3f01b-6d4d-46d4-bdd7-634914cefc06"},{"ann_date":"12 Feb 2018","announcement":"Announcement under Regulation 30 (LODR)-Credit Rating","link":"https://www.bseindia.com/corporates/anndet_new.aspx?newsid=8d9255de-548c-4e51-b608-814192a1c143"}],"warehouse_set":{"high_price":70.8,"low_price":33.05,"sales_growth":7.63,"current_price":68.6,"dividend_yield":0.0,"face_value":2.0,"id":3765,"sales_growth_3years":8.92,"average_return_on_equity_3years":2.31,"book_value":21.96,"status":"Active","pair_url":"/company/TV18BRDCST/consolidated","sales_growth_10years":19.8,"average_return_on_equity_10years":0.49,"profit_growth":15.7,"market_capitalization":11760.51,"price_to_earning":97.36,"industry":"Broadcasting & Cable TV","analysis":{"remarks":[],"bad":["Though the company is reporting repeated profits, it is not paying out dividend","The company has delivered a poor growth of 1.44% over past five years.","Company has a low return on equity of 2.31% for last 3 years."],"good":["Company is virtually debt free."]},"result_type":"sa","profit_growth_3years":5.76,"sales_growth_5years":1.44,"return_on_equity":2.78,"average_return_on_equity_5years":1.96},"id":3500,"name":"TV18 Broadcast Ltd"}
