{"prime":"sa","number_set":{"balancesheet":[["Share Capital",{"2008-03-31":505.12,"2016-03-31":687.44,"2014-03-31":741.31,"2011-03-31":635.33,"2015-03-31":635.78,"2013-03-31":707.79,"2006-03-31":505.12,"2012-03-31":661.55,"2017-03-31":687.44,"2010-03-31":505.12,"2009-03-31":505.12,"2007-03-31":505.12}],["Reserves",{"2008-03-31":5118.19,"2016-03-31":19622.53,"2014-03-31":16274.71,"2011-03-31":10555.35,"2015-03-31":17700.4,"2013-03-31":15092.64,"2006-03-31":3587.36,"2012-03-31":12437.68,"2017-03-31":20290.96,"2010-03-31":8302.69,"2009-03-31":6549.26,"2007-03-31":4228.16}],["Borrowings",{"2008-03-31":108619.13,"2016-03-31":373677.36,"2014-03-31":326992.26,"2011-03-31":215777.25,"2015-03-31":352229.9,"2013-03-31":287558.84,"2006-03-31":78068.7,"2012-03-31":240778.43,"2017-03-31":419617.45,"2010-03-31":179255.05,"2009-03-31":147477.72,"2007-03-31":89395.75}],["Other Liabilities",{"2008-03-31":10044.26,"2016-03-31":12326.62,"2014-03-31":10737.18,"2011-03-31":9494.22,"2015-03-31":12163.83,"2013-03-31":9421.73,"2006-03-31":7012.7,"2012-03-31":8799.24,"2017-03-31":13084.61,"2010-03-31":7446.58,"2009-03-31":6805.54,"2007-03-31":8650.65}],["Total Liabilities",{"2008-03-31":124286.7,"2016-03-31":406313.95,"2014-03-31":354634.46,"2011-03-31":236351.15,"2015-03-31":382729.91,"2013-03-31":312670.0,"2006-03-31":89173.88,"2012-03-31":262565.9,"2017-03-31":453680.46,"2010-03-31":195509.44,"2009-03-31":161337.64,"2007-03-31":102779.68}],["Fixed Assets",{"2008-03-31":2195.83,"2016-03-31":3928.09,"2014-03-31":2607.62,"2011-03-31":2279.2,"2015-03-31":2677.82,"2013-03-31":2467.47,"2006-03-31":794.86,"2012-03-31":2332.19,"2017-03-31":3873.48,"2010-03-31":2295.48,"2009-03-31":2327.3,"2007-03-31":822.72}],["CWIP",{"2008-03-31":4.57,"2016-03-31":11.78,"2014-03-31":0.85,"2011-03-31":13.58,"2015-03-31":4.14,"2013-03-31":11.54,"2006-03-31":15.56,"2012-03-31":3.61,"2017-03-31":20.93,"2010-03-31":9.96,"2009-03-31":7.86,"2007-03-31":2.28}],["Investments",{"2008-03-31":33822.63,"2016-03-31":89208.35,"2014-03-31":93723.18,"2011-03-31":58399.14,"2015-03-31":84461.73,"2013-03-31":80830.45,"2006-03-31":25917.65,"2012-03-31":62363.56,"2017-03-31":112148.96,"2010-03-31":54403.53,"2009-03-31":42996.96,"2007-03-31":27981.77}],["Other Assets",{"2008-03-31":88263.67,"2016-03-31":313165.73,"2014-03-31":258302.81,"2011-03-31":175659.23,"2015-03-31":295586.22,"2013-03-31":229360.54,"2006-03-31":62445.81,"2012-03-31":197866.54,"2017-03-31":337637.09,"2010-03-31":138800.47,"2009-03-31":116005.52,"2007-03-31":73972.91}],["Total Assets",{"2008-03-31":124286.7,"2016-03-31":406313.95,"2014-03-31":354634.46,"2011-03-31":236351.15,"2015-03-31":382729.91,"2013-03-31":312670.0,"2006-03-31":89173.88,"2012-03-31":262565.9,"2017-03-31":453680.46,"2010-03-31":195509.44,"2009-03-31":161337.64,"2007-03-31":102779.68}]],"annual":[["Sales",{"2008-03-31":9214.63,"2016-03-31":32198.8,"2014-03-31":29349.39,"2011-03-31":16452.62,"2015-03-31":32083.96,"2013-03-31":25124.7,"2006-03-31":5863.71,"2012-03-31":21028.45,"2017-03-31":32659.98,"2010-03-31":13302.68,"2009-03-31":11889.38,"2007-03-31":7382.18}],["Expenses",{"2008-03-31":2241.03,"2016-03-31":9935.34,"2014-03-31":8440.09,"2011-03-31":5143.92,"2015-03-31":8962.71,"2013-03-31":6879.7,"2006-03-31":2213.2,"2012-03-31":6382.06,"2017-03-31":13280.44,"2010-03-31":3174.09,"2009-03-31":2841.99,"2007-03-31":2544.64}],["Operating Profit",{"2008-03-31":6973.6,"2016-03-31":22263.46,"2014-03-31":20909.3,"2011-03-31":11308.7,"2015-03-31":23121.25,"2013-03-31":18245.0,"2006-03-31":3650.51,"2012-03-31":14646.39,"2017-03-31":19379.54,"2010-03-31":10128.59,"2009-03-31":9047.39,"2007-03-31":4837.54}],["OPM",{"2008-03-31":75.68,"2016-03-31":69.14,"2014-03-31":71.24,"2011-03-31":68.73,"2015-03-31":72.06,"2013-03-31":72.62,"2006-03-31":62.26,"2012-03-31":69.65,"2017-03-31":59.34,"2010-03-31":76.14,"2009-03-31":76.1,"2007-03-31":65.53}],["Other Income",{"2008-03-31":1349.57,"2016-03-31":3631.74,"2014-03-31":2821.54,"2011-03-31":2038.78,"2015-03-31":3523.0,"2013-03-31":2552.03,"2006-03-31":819.67,"2012-03-31":2448.21,"2017-03-31":4964.6,"2010-03-31":1974.74,"2009-03-31":1521.55,"2007-03-31":1221.18}],["Interest",{"2008-03-31":6360.95,"2016-03-31":23885.7,"2014-03-31":21470.07,"2011-03-31":10236.42,"2015-03-31":23640.07,"2013-03-31":17581.86,"2006-03-31":3489.42,"2012-03-31":14235.39,"2017-03-31":23756.64,"2010-03-31":9110.27,"2009-03-31":8075.81,"2007-03-31":4591.96}],["Depreciation",{"2008-03-31":101.82,"2016-03-31":244.11,"2014-03-31":193.78,"2011-03-31":155.66,"2015-03-31":220.81,"2013-03-31":150.92,"2006-03-31":86.13,"2012-03-31":146.45,"2017-03-31":236.04,"2010-03-31":160.14,"2009-03-31":136.58,"2007-03-31":86.37}],["Profit before tax",{"2008-03-31":1860.4,"2016-03-31":1765.39,"2014-03-31":2066.99,"2011-03-31":2955.4,"2015-03-31":2783.38,"2013-03-31":3064.24,"2006-03-31":894.63,"2012-03-31":2712.76,"2017-03-31":351.45,"2010-03-31":2832.92,"2009-03-31":2356.55,"2007-03-31":1380.39}],["Tax",{"2008-03-31":473.37,"2016-03-31":413.78,"2014-03-31":370.79,"2011-03-31":873.45,"2015-03-31":1001.74,"2013-03-31":906.31,"2006-03-31":219.45,"2012-03-31":925.62,"2017-03-31":-203.76,"2010-03-31":758.0,"2009-03-31":630.0,"2007-03-31":535.0}],["Net Profit",{"2008-03-31":1387.03,"2016-03-31":1351.6,"2014-03-31":1696.2,"2011-03-31":2081.95,"2015-03-31":1781.64,"2013-03-31":2157.93,"2006-03-31":675.18,"2012-03-31":1787.14,"2017-03-31":555.21,"2010-03-31":2074.92,"2009-03-31":1726.55,"2007-03-31":845.39}],["EPS (unadj)",{"2008-03-31":26.78,"2016-03-31":19.26,"2014-03-31":26.05,"2011-03-31":38.3,"2015-03-31":26.72,"2013-03-31":34.61,"2006-03-31":12.88,"2012-03-31":30.94,"2017-03-31":8.08,"2010-03-31":40.14,"2009-03-31":33.33,"2007-03-31":16.19}],["Dividend Payout",{"2008-03-31":14.57,"2016-03-31":9.92,"2014-03-31":14.86,"2011-03-31":20.15,"2015-03-31":21.41,"2013-03-31":22.12,"2006-03-31":26.18,"2012-03-31":24.64,"2017-03-31":0.0,"2010-03-31":13.39,"2009-03-31":14.63,"2007-03-31":20.91}]],"cashflow":[["Cash from Operating Activity",{"2008-03-31":1930.64,"2016-03-31":87.58,"2014-03-31":2317.57,"2011-03-31":4431.48,"2015-03-31":-3799.48,"2013-03-31":-4227.13,"2006-03-31":-1124.99,"2012-03-31":-3829.99,"2017-03-31":4.64,"2010-03-31":-505.07,"2009-03-31":5599.13,"2007-03-31":1956.28}],["Cash from Investing Activity",{"2008-03-31":-209.32,"2016-03-31":-16.68,"2014-03-31":-357.43,"2011-03-31":-185.14,"2015-03-31":-254.81,"2013-03-31":-333.89,"2006-03-31":-53.87,"2012-03-31":-223.26,"2017-03-31":-5.23,"2010-03-31":-200.43,"2009-03-31":-309.76,"2007-03-31":-101.33}],["Cash from Financing Activity",{"2008-03-31":-49.92,"2016-03-31":-1.91,"2014-03-31":4902.34,"2011-03-31":75.41,"2015-03-31":3359.44,"2013-03-31":5096.27,"2006-03-31":997.41,"2012-03-31":-370.06,"2017-03-31":36.05,"2010-03-31":497.26,"2009-03-31":597.72,"2007-03-31":180.98}],["Net Cash Flow",{"2008-03-31":1671.4,"2016-03-31":68.98,"2014-03-31":6862.48,"2011-03-31":4321.75,"2015-03-31":-694.85,"2013-03-31":535.25,"2006-03-31":-181.45,"2012-03-31":-4423.31,"2017-03-31":35.46,"2010-03-31":-208.24,"2009-03-31":5887.09,"2007-03-31":2035.93}]],"quarters":[["Sales",{"2016-06-30":7876.62,"2016-12-31":8249.78,"2017-03-31":8325.44,"2017-06-30":8153.04,"2015-06-30":8259.93,"2015-03-31":8240.64,"2017-09-30":8222.39,"2015-12-31":7909.37,"2016-03-31":7888.02,"2017-12-31":8260.47,"2016-09-30":8208.14,"2015-09-30":8141.48}],["Expenses",{"2016-06-30":2870.03,"2016-12-31":3295.15,"2017-03-31":4142.7,"2017-06-30":3304.37,"2015-06-30":2067.63,"2015-03-31":2621.77,"2017-09-30":5153.77,"2015-12-31":2792.7,"2016-03-31":3236.14,"2017-12-31":5021.17,"2016-09-30":3217.47,"2015-09-30":2082.99}],["Operating Profit",{"2016-06-30":5006.59,"2016-12-31":4954.63,"2017-03-31":4182.74,"2017-06-30":4848.67,"2015-06-30":6192.3,"2015-03-31":5618.87,"2017-09-30":3068.62,"2015-12-31":5116.67,"2016-03-31":4651.88,"2017-12-31":3239.3,"2016-09-30":4990.67,"2015-09-30":6058.49}],["OPM",{"2016-06-30":63.56,"2016-12-31":60.06,"2017-03-31":50.24,"2017-06-30":59.47,"2015-06-30":74.97,"2015-03-31":68.18,"2017-09-30":37.32,"2015-12-31":64.69,"2016-03-31":58.97,"2017-12-31":39.21,"2016-09-30":60.8,"2015-09-30":74.42}],["Other Income",{"2016-06-30":1039.89,"2016-12-31":1339.67,"2017-03-31":1445.6,"2017-06-30":1414.65,"2015-06-30":783.24,"2015-03-31":1143.07,"2017-09-30":1217.34,"2015-12-31":892.69,"2016-03-31":996.39,"2017-12-31":873.11,"2016-09-30":1139.44,"2015-09-30":959.42}],["Depreciation",{"2016-06-30":0.0,"2016-12-31":0.0,"2017-03-31":0.0,"2017-06-30":0.0,"2015-06-30":0.0,"2015-03-31":0.0,"2017-09-30":0.0,"2015-12-31":0.0,"2016-03-31":0.0,"2017-12-31":0.0,"2016-09-30":0.0,"2015-09-30":0.0}],["Interest",{"2016-06-30":5774.37,"2016-12-31":6113.16,"2017-03-31":5938.41,"2017-06-30":5910.44,"2015-06-30":6129.76,"2015-03-31":6119.59,"2017-09-30":5901.66,"2015-12-31":5912.86,"2016-03-31":5803.33,"2017-12-31":5712.21,"2016-09-30":5930.7,"2015-09-30":6039.75}],["Profit before tax",{"2016-06-30":272.11,"2016-12-31":181.14,"2017-03-31":-310.07,"2017-06-30":352.88,"2015-06-30":845.78,"2015-03-31":642.35,"2017-09-30":-1615.7,"2015-12-31":96.5,"2016-03-31":-155.06,"2017-12-31":-1599.8,"2016-09-30":199.41,"2015-09-30":978.16}],["Tax",{"2016-06-30":105.79,"2016-12-31":77.14,"2017-03-31":-418.29,"2017-06-30":236.3,"2015-06-30":327.0,"2015-03-31":198.58,"2017-09-30":-84.98,"2015-12-31":17.96,"2016-03-31":-251.18,"2017-12-31":-349.95,"2016-09-30":22.74,"2015-09-30":320.0}],["Net Profit",{"2016-06-30":166.32,"2016-12-31":104.0,"2017-03-31":108.22,"2017-06-30":116.58,"2015-06-30":518.78,"2015-03-31":443.77,"2017-09-30":-1530.72,"2015-12-31":78.54,"2016-03-31":96.12,"2017-12-31":-1249.85,"2016-09-30":176.67,"2015-09-30":658.16}]]},"bse_code":"532477","short_name":"Union Bank (I)","nse_code":"UNIONBANK","companyrating_set":[{"rating__rating":"BWR AAA(Stable)","instrument":"Bonds  140 Crore","rating__source":"brickworks","link":"http://google.com/search?btnI=1&q=Union Bank of India+site:brickworkratings.com"},{"rating__rating":"CRISIL A1+","instrument":"Certificate of Deposit","rating__source":"crisil","link":"http://www.crisil.com/ratings/company-wise-ratings.jsp?txtSearch=Union Bank of India"},{"rating__rating":"[ICRA]AA+ (stable)","instrument":"Financial Sector Rating-Long Term","rating__source":"icra","link":"http://icra.in/search.aspx?word=Union Bank of India"},{"rating__rating":"BWR AAA(Stable)","instrument":"Innovative Perpetual Debt Instrument 200 Crore","rating__source":"brickworks","link":"http://google.com/search?btnI=1&q=Union Bank of India+site:brickworkratings.com"},{"rating__rating":"IND AA+(Stable)","instrument":"Long Term Rating","rating__source":"fitch","link":"http://www.indiaratings.co.in/search/search.jsp?q=Union Bank of India"},{"rating__rating":"Rating Withdrawn","instrument":"Lower Tier II Bonds  600 Crore","rating__source":"brickworks","link":"http://google.com/search?btnI=1&q=Union Bank of India+site:brickworkratings.com"},{"rating__rating":"CRISIL AAA(Negative)","instrument":"Lower Tier-II Bonds (under Basel II)(LT)","rating__source":"crisil","link":"http://www.crisil.com/ratings/company-wise-ratings.jsp?txtSearch=Union Bank of India"},{"rating__rating":"CARE AA+","instrument":"LT InstrumentsBonds","rating__source":"care","link":"http://google.com/search?btnI=1&q=Union Bank of India+site:careratings.com"},{"rating__rating":"CARE AA","instrument":"LT InstrumentsBonds","rating__source":"care","link":"http://google.com/search?btnI=1&q=Union Bank of India+site:careratings.com"},{"rating__rating":"CARE AAA","instrument":"LT InstrumentsBonds","rating__source":"care","link":"http://google.com/search?btnI=1&q=Union Bank of India+site:careratings.com"},{"rating__rating":"CRISIL AAA(Negative)","instrument":"Perpetual Tier-I Bonds (under Basel II)(LT)","rating__source":"crisil","link":"http://www.crisil.com/ratings/company-wise-ratings.jsp?txtSearch=Union Bank of India"},{"rating__rating":"CRISIL AA(Negative)","instrument":"Tier I Bonds (Under Basel III)(LT)","rating__source":"crisil","link":"http://www.crisil.com/ratings/company-wise-ratings.jsp?txtSearch=Union Bank of India"},{"rating__rating":"CRISIL AAA(Negative)","instrument":"Tier II Bonds (Under Basel III)","rating__source":"crisil","link":"http://www.crisil.com/ratings/company-wise-ratings.jsp?txtSearch=Union Bank of India"},{"rating__rating":"BWR AAA(Stable)","instrument":"Upper Tier II Bonds  500 Crore","rating__source":"brickworks","link":"http://google.com/search?btnI=1&q=Union Bank of India+site:brickworkratings.com"},{"rating__rating":"CRISIL AAA(Negative)","instrument":"Upper Tier-II Bonds (under Basel II)(LT)","rating__source":"crisil","link":"http://www.crisil.com/ratings/company-wise-ratings.jsp?txtSearch=Union Bank of India"}],"annualreport_set":[{"source":"bse","report_date":2017,"link":"http://www.bseindia.com/bseplus/AnnualReport/532477/5324770317.pdf"},{"source":"bse","report_date":2016,"link":"http://www.bseindia.com/bseplus/AnnualReport/532477/5324770316.pdf"},{"source":"bse","report_date":2015,"link":"http://www.bseindia.com/bseplus/AnnualReport/532477/5324770315.pdf"},{"source":"bse","report_date":2014,"link":"http://www.bseindia.com/bseplus/AnnualReport/532477/5324770314.pdf"},{"source":"bse","report_date":2013,"link":"http://www.bseindia.com/bseplus/annualreport/532477/5324770313.pdf"},{"source":"nse","report_date":2012,"link":"http://nseindia.com/annual_reports/AR_UNIONBANK_2011_2012_29062012101542.zip"},{"source":"bse","report_date":2011,"link":"http://www.bseindia.com/bseplus/annualreport/532477/5324770311.pdf"},{"source":"bse","report_date":2010,"link":"http://www.bseindia.com/bseplus/annualreport/532477/532477_2009-10.pdf"},{"source":"nse","report_date":2010,"link":"http://nseindia.com/annual_reports/AR_UNIONBANK_2009_2010_20082010120000.zip"}],"announcement_set":[{"ann_date":"04 Apr 2018","announcement":"Statement Of Investor Complaints For The Quarter Ended March 2018","link":"https://www.bseindia.com/corporates/anndet_new.aspx?newsid=571577d3-175e-456b-8a5f-85d3eb8f37eb"},{"ann_date":"28 Mar 2018","announcement":"Disclosures Under Regulation 29(1) & 29(2) Of SEBI (SAST) Regulations, 2011","link":"https://www.bseindia.com/corporates/anndet_new.aspx?newsid=6cde5581-88de-47a5-a9ab-614e90e5f333"},{"ann_date":"27 Mar 2018","announcement":"Announcement under Regulation 30 (LODR)-Credit Rating","link":"https://www.bseindia.com/corporates/anndet_new.aspx?newsid=db03fdee-13d2-449d-84a8-7997a7a73008"},{"ann_date":"27 Mar 2018","announcement":"Announcement under Regulation 30 (LODR)-Allotment","link":"https://www.bseindia.com/corporates/anndet_new.aspx?newsid=447909fd-dd13-4eff-a5cf-bff3def3f0f8"},{"ann_date":"23 Mar 2018","announcement":"Clarification On The News Item And Disclosure Under Regulation 30 Of SEBI (LODR)Regulations, 2015","link":"https://www.bseindia.com/corporates/anndet_new.aspx?newsid=05e4d747-9188-4c58-a811-7617a5f5f678"}],"warehouse_set":{"high_price":205.1,"low_price":86.0,"sales_growth":2.29,"current_price":101.95,"dividend_yield":0.0,"face_value":10.0,"id":1775,"sales_growth_3years":3.63,"profit_growth_5years":-21.61,"average_return_on_equity_3years":6.4,"book_value":156.72,"status":"Active","pair_url":"/company/UNIONBANK/consolidated","sales_growth_10years":15.09,"average_return_on_equity_10years":13.14,"profit_growth":-570.58,"market_capitalization":11913.61,"profit_growth_10years":-10.15,"price_to_earning":22.5,"industry":"Banks","analysis":{"remarks":[],"bad":["Company has low interest coverage ratio.","Promoter's stake has decreased","The company has delivered a poor growth of 9.20% over past five years.","Company has a low return on equity of 6.40% for last 3 years.","Contingent liabilities of Rs.247720.26 Cr.","Dividend payout has been low at 13.98% of profits over last 3 years"],"good":["Stock is trading at 0.65 times its book value"]},"result_type":"sa","profit_growth_3years":-32.14,"sales_growth_5years":9.2,"return_on_equity":2.56,"average_return_on_equity_5years":8.6},"id":3536,"name":"Union Bank of India"}
