{"prime":"con","number_set":{"balancesheet":[["Share Capital",{"2008-03-31":43.93,"2016-03-31":86.0,"2014-03-31":85.72,"2011-03-31":92.36,"2015-03-31":85.72,"2013-03-31":88.52,"2006-03-31":37.55,"2012-03-31":92.36,"2017-03-31":183.0,"2010-03-31":87.91,"2009-03-31":87.91,"2007-03-31":37.5}],["Reserves",{"2008-03-31":1659.18,"2016-03-31":3864.0,"2014-03-31":3221.92,"2011-03-31":2165.72,"2015-03-31":3438.36,"2013-03-31":3269.17,"2006-03-31":1032.97,"2012-03-31":3413.66,"2017-03-31":7567.0,"2010-03-31":1833.62,"2009-03-31":1729.74,"2007-03-31":1089.25}],["Borrowings",{"2008-03-31":1534.82,"2016-03-31":1650.0,"2014-03-31":1420.16,"2011-03-31":2612.65,"2015-03-31":1376.59,"2013-03-31":2038.11,"2006-03-31":1196.83,"2012-03-31":1593.7,"2017-03-31":848.0,"2010-03-31":2153.88,"2009-03-31":2038.41,"2007-03-31":1978.83}],["Other Liabilities",{"2008-03-31":950.17,"2016-03-31":6291.0,"2014-03-31":2391.94,"2011-03-31":999.99,"2015-03-31":2779.07,"2013-03-31":1655.31,"2006-03-31":610.94,"2012-03-31":1188.39,"2017-03-31":2896.0,"2010-03-31":884.02,"2009-03-31":1055.31,"2007-03-31":790.4}],["Total Liabilities",{"2008-03-31":4188.1,"2016-03-31":11891.0,"2014-03-31":7119.74,"2011-03-31":5870.72,"2015-03-31":7679.74,"2013-03-31":7051.11,"2006-03-31":2878.17,"2012-03-31":6288.11,"2017-03-31":11412.0,"2010-03-31":4959.43,"2009-03-31":4911.37,"2007-03-31":3895.98}],["Fixed Assets",{"2008-03-31":691.02,"2016-03-31":5397.0,"2014-03-31":1572.27,"2011-03-31":937.84,"2015-03-31":1649.24,"2013-03-31":1350.5,"2006-03-31":641.88,"2012-03-31":1375.42,"2017-03-31":5116.0,"2010-03-31":972.78,"2009-03-31":921.33,"2007-03-31":1082.99}],["CWIP",{"2008-03-31":127.3,"2016-03-31":209.0,"2014-03-31":117.97,"2011-03-31":43.08,"2015-03-31":370.32,"2013-03-31":236.15,"2006-03-31":35.09,"2012-03-31":113.64,"2017-03-31":272.0,"2010-03-31":29.33,"2009-03-31":100.28,"2007-03-31":60.79}],["Investments",{"2008-03-31":831.2,"2016-03-31":588.0,"2014-03-31":671.15,"2011-03-31":1011.8,"2015-03-31":872.72,"2013-03-31":904.05,"2006-03-31":859.75,"2012-03-31":782.12,"2017-03-31":593.0,"2010-03-31":687.87,"2009-03-31":374.05,"2007-03-31":392.39}],["Other Assets",{"2008-03-31":2538.58,"2016-03-31":5697.0,"2014-03-31":4758.35,"2011-03-31":3878.0,"2015-03-31":4787.46,"2013-03-31":4560.41,"2006-03-31":1341.45,"2012-03-31":4016.93,"2017-03-31":5431.0,"2010-03-31":3269.45,"2009-03-31":3515.71,"2007-03-31":2359.81}],["Total Assets",{"2008-03-31":4188.1,"2016-03-31":11891.0,"2014-03-31":7119.74,"2011-03-31":5870.72,"2015-03-31":7679.74,"2013-03-31":7051.11,"2006-03-31":2878.17,"2012-03-31":6288.11,"2017-03-31":11412.0,"2010-03-31":4959.43,"2009-03-31":4911.37,"2007-03-31":3895.98}]],"annual":[["Sales",{"2008-03-31":1408.13,"2016-03-31":5981.0,"2014-03-31":4968.27,"2011-03-31":2911.09,"2015-03-31":5334.99,"2013-03-31":3939.44,"2006-03-31":1210.18,"2012-03-31":3315.64,"2017-03-31":6939.0,"2010-03-31":2453.39,"2009-03-31":2327.39,"2007-03-31":1267.29}],["Expenses",{"2008-03-31":1356.46,"2016-03-31":5143.0,"2014-03-31":4322.54,"2011-03-31":2446.13,"2015-03-31":4792.53,"2013-03-31":3512.79,"2006-03-31":980.84,"2012-03-31":2844.67,"2017-03-31":6042.0,"2010-03-31":2178.49,"2009-03-31":2105.04,"2007-03-31":1113.3}],["Operating Profit",{"2008-03-31":51.67,"2016-03-31":838.0,"2014-03-31":645.73,"2011-03-31":464.96,"2015-03-31":542.46,"2013-03-31":426.65,"2006-03-31":229.34,"2012-03-31":470.97,"2017-03-31":897.0,"2010-03-31":274.9,"2009-03-31":222.35,"2007-03-31":153.99}],["OPM",{"2008-03-31":3.67,"2016-03-31":14.01,"2014-03-31":13.0,"2011-03-31":15.97,"2015-03-31":10.17,"2013-03-31":10.83,"2006-03-31":18.95,"2012-03-31":14.2,"2017-03-31":12.93,"2010-03-31":11.2,"2009-03-31":9.55,"2007-03-31":12.15}],["Other Income",{"2008-03-31":236.55,"2016-03-31":481.0,"2014-03-31":317.84,"2011-03-31":153.59,"2015-03-31":260.3,"2013-03-31":129.65,"2006-03-31":83.74,"2012-03-31":143.85,"2017-03-31":325.0,"2010-03-31":173.95,"2009-03-31":253.26,"2007-03-31":203.69}],["Interest",{"2008-03-31":127.61,"2016-03-31":192.0,"2014-03-31":241.98,"2011-03-31":293.64,"2015-03-31":35.27,"2013-03-31":101.32,"2006-03-31":84.77,"2012-03-31":164.37,"2017-03-31":149.0,"2010-03-31":92.64,"2009-03-31":230.14,"2007-03-31":102.75}],["Depreciation",{"2008-03-31":66.91,"2016-03-31":619.0,"2014-03-31":169.09,"2011-03-31":114.68,"2015-03-31":186.75,"2013-03-31":157.76,"2006-03-31":79.0,"2012-03-31":143.49,"2017-03-31":655.0,"2010-03-31":107.91,"2009-03-31":88.89,"2007-03-31":95.17}],["Profit before tax",{"2008-03-31":93.7,"2016-03-31":508.0,"2014-03-31":552.5,"2011-03-31":210.23,"2015-03-31":580.74,"2013-03-31":297.22,"2006-03-31":149.31,"2012-03-31":306.96,"2017-03-31":418.0,"2010-03-31":248.3,"2009-03-31":156.58,"2007-03-31":159.76}],["Tax",{"2008-03-31":1.79,"2016-03-31":123.0,"2014-03-31":136.77,"2011-03-31":52.73,"2015-03-31":117.41,"2013-03-31":89.09,"2006-03-31":32.8,"2012-03-31":79.92,"2017-03-31":173.0,"2010-03-31":67.01,"2009-03-31":8.84,"2007-03-31":52.72}],["Net Profit",{"2008-03-31":91.91,"2016-03-31":385.0,"2014-03-31":415.73,"2011-03-31":157.5,"2015-03-31":463.33,"2013-03-31":208.13,"2006-03-31":116.51,"2012-03-31":227.04,"2017-03-31":245.0,"2010-03-31":181.29,"2009-03-31":147.74,"2007-03-31":107.04}],["EPS (unadj)",{"2008-03-31":3.84,"2016-03-31":8.95,"2014-03-31":9.02,"2011-03-31":3.09,"2015-03-31":9.79,"2013-03-31":4.28,"2006-03-31":6.08,"2012-03-31":4.51,"2017-03-31":4.85,"2010-03-31":3.79,"2009-03-31":3.11,"2007-03-31":5.54}],["Dividend Payout",{"2008-03-31":47.8,"2016-03-31":55.66,"2014-03-31":41.24,"2011-03-31":58.64,"2015-03-31":46.25,"2013-03-31":53.16,"2006-03-31":16.06,"2012-03-31":50.85,"2017-03-31":144.86,"2010-03-31":48.49,"2009-03-31":44.63,"2007-03-31":21.02}]],"cashflow":[["Cash from Operating Activity",{"2008-03-31":151.62,"2016-03-31":-63.0,"2014-03-31":1138.94,"2011-03-31":266.38,"2015-03-31":497.18,"2013-03-31":189.99,"2006-03-31":222.77,"2012-03-31":20.15,"2017-03-31":1021.0,"2010-03-31":452.18,"2009-03-31":-313.49,"2007-03-31":186.92}],["Cash from Investing Activity",{"2008-03-31":-636.81,"2016-03-31":364.0,"2014-03-31":-84.07,"2011-03-31":-565.85,"2015-03-31":-130.62,"2013-03-31":-63.43,"2006-03-31":-759.3,"2012-03-31":1065.69,"2017-03-31":268.0,"2010-03-31":-53.76,"2009-03-31":-255.61,"2007-03-31":-1130.0}],["Cash from Financing Activity",{"2008-03-31":605.24,"2016-03-31":-322.0,"2014-03-31":-1198.88,"2011-03-31":268.54,"2015-03-31":-459.2,"2013-03-31":-21.18,"2006-03-31":873.8,"2012-03-31":-1256.33,"2017-03-31":-1295.0,"2010-03-31":-45.08,"2009-03-31":335.66,"2007-03-31":784.93}],["Net Cash Flow",{"2008-03-31":120.05,"2016-03-31":-21.0,"2014-03-31":-144.01,"2011-03-31":-30.93,"2015-03-31":-92.64,"2013-03-31":105.38,"2006-03-31":337.27,"2012-03-31":-170.49,"2017-03-31":-6.0,"2010-03-31":353.34,"2009-03-31":-233.44,"2007-03-31":-158.15}]],"quarters":[["Sales",{"2016-06-30":1665.0,"2016-12-31":1791.0,"2017-03-31":1638.0,"2017-06-30":1714.0,"2015-06-30":1556.15,"2015-03-31":1287.65,"2017-09-30":1971.0,"2015-12-31":1393.22,"2016-03-31":1440.91,"2017-12-31":1942.0,"2016-09-30":1841.0,"2015-09-30":1590.5}],["Expenses",{"2016-06-30":1372.0,"2016-12-31":1560.0,"2017-03-31":1476.0,"2017-06-30":1465.0,"2015-06-30":1307.64,"2015-03-31":1127.91,"2017-09-30":1636.0,"2015-12-31":1259.56,"2016-03-31":1204.06,"2017-12-31":1704.0,"2016-09-30":1597.0,"2015-09-30":1340.91}],["Operating Profit",{"2016-06-30":293.0,"2016-12-31":231.0,"2017-03-31":162.0,"2017-06-30":249.0,"2015-06-30":248.51,"2015-03-31":159.74,"2017-09-30":335.0,"2015-12-31":133.66,"2016-03-31":236.85,"2017-12-31":238.0,"2016-09-30":244.0,"2015-09-30":249.59}],["OPM",{"2016-06-30":17.6,"2016-12-31":12.9,"2017-03-31":9.89,"2017-06-30":14.53,"2015-06-30":15.97,"2015-03-31":12.41,"2017-09-30":17.0,"2015-12-31":9.59,"2016-03-31":16.44,"2017-12-31":12.26,"2016-09-30":13.25,"2015-09-30":15.69}],["Other Income",{"2016-06-30":234.0,"2016-12-31":19.0,"2017-03-31":29.0,"2017-06-30":18.0,"2015-06-30":15.73,"2015-03-31":6.38,"2017-09-30":380.0,"2015-12-31":16.2,"2016-03-31":210.51,"2017-12-31":23.0,"2016-09-30":30.0,"2015-09-30":231.9}],["Depreciation",{"2016-06-30":161.0,"2016-12-31":164.0,"2017-03-31":168.0,"2017-06-30":162.0,"2015-06-30":184.66,"2015-03-31":47.35,"2017-09-30":165.0,"2015-12-31":152.38,"2016-03-31":172.53,"2017-12-31":167.0,"2016-09-30":162.0,"2015-09-30":149.53}],["Interest",{"2016-06-30":42.0,"2016-12-31":22.0,"2017-03-31":82.0,"2017-06-30":16.0,"2015-06-30":31.11,"2015-03-31":23.73,"2017-09-30":31.0,"2015-12-31":42.92,"2016-03-31":109.51,"2017-12-31":38.0,"2016-09-30":25.0,"2015-09-30":29.97}],["Profit before tax",{"2016-06-30":324.0,"2016-12-31":64.0,"2017-03-31":-59.0,"2017-06-30":89.0,"2015-06-30":48.47,"2015-03-31":95.04,"2017-09-30":519.0,"2015-12-31":-45.44,"2016-03-31":165.32,"2017-12-31":56.0,"2016-09-30":87.0,"2015-09-30":301.99}],["Tax",{"2016-06-30":22.0,"2016-12-31":114.0,"2017-03-31":15.0,"2017-06-30":14.0,"2015-06-30":21.14,"2015-03-31":19.3,"2017-09-30":84.0,"2015-12-31":10.58,"2016-03-31":19.69,"2017-12-31":-89.0,"2016-09-30":20.0,"2015-09-30":0.0}],["Net Profit",{"2016-06-30":302.0,"2016-12-31":-50.0,"2017-03-31":-74.0,"2017-06-30":75.0,"2015-06-30":27.33,"2015-03-31":75.74,"2017-09-30":435.0,"2015-12-31":-56.02,"2016-03-31":145.63,"2017-12-31":145.0,"2016-09-30":67.0,"2015-09-30":301.99}]]},"bse_code":"512070","short_name":"UPL","nse_code":"UPL","companyrating_set":[{"rating__rating":"CARE AA+","instrument":"Bank FacilitiesFund Based - LT","rating__source":"care","link":"http://google.com/search?btnI=1&q=UPL Ltd+site:careratings.com"},{"rating__rating":"CARE A1+","instrument":"Bank FacilitiesNon Fund Based","rating__source":"care","link":"http://google.com/search?btnI=1&q=UPL Ltd+site:careratings.com"},{"rating__rating":"CRISIL AA+(Stable)","instrument":"Cash Credit Limit","rating__source":"crisil","link":"http://www.crisil.com/ratings/company-wise-ratings.jsp?txtSearch=UPL Ltd"},{"rating__rating":"CRISIL A1+","instrument":"Commercial Paper","rating__source":"crisil","link":"http://www.crisil.com/ratings/company-wise-ratings.jsp?txtSearch=UPL Ltd"},{"rating__rating":"CRISIL A1+","instrument":"Letter of Credit and Bank Guarantee","rating__source":"crisil","link":"http://www.crisil.com/ratings/company-wise-ratings.jsp?txtSearch=UPL Ltd"},{"rating__rating":"CARE AA+","instrument":"LT InstrumentsDebentures","rating__source":"care","link":"http://google.com/search?btnI=1&q=UPL Ltd+site:careratings.com"},{"rating__rating":"CRISIL AA+(Stable)","instrument":"Proposed Long-Term Bank Facility","rating__source":"crisil","link":"http://www.crisil.com/ratings/company-wise-ratings.jsp?txtSearch=UPL Ltd"}],"annualreport_set":[{"source":"bse","report_date":2017,"link":"http://www.bseindia.com/bseplus/AnnualReport/512070/5120700317.pdf"},{"source":"bse","report_date":2016,"link":"http://www.bseindia.com/bseplus/AnnualReport/512070/5120700316.pdf"},{"source":"bse","report_date":2015,"link":"http://www.bseindia.com/bseplus/AnnualReport/512070/5120700315.pdf"},{"source":"bse","report_date":2014,"link":"http://www.bseindia.com/bseplus/AnnualReport/512070/5120700314.pdf"},{"source":"bse","report_date":2013,"link":"http://www.bseindia.com/bseplus/annualreport/512070/5120700313.pdf"},{"source":"nse","report_date":2012,"link":"http://nseindia.com/annual_reports/AR_UNIPHOS_2011_2012_17072012104549.zip"},{"source":"nse","report_date":2012,"link":"http://nseindia.com/annual_reports/AR_UNIPHOS_2011_2012_17072012104549.zip"},{"source":"nse","report_date":2012,"link":"http://nseindia.com/annual_reports/AR_UNIPHOS_2011_2012_17072012104549.zip"},{"source":"nse","report_date":2012,"link":"http://nseindia.com/annual_reports/AR_UNIPHOS_2011_2012_17072012104549.zip"},{"source":"bse","report_date":2011,"link":"http://www.bseindia.com/bseplus/annualreport/512070/5120700311.pdf"},{"source":"bse","report_date":2010,"link":"http://www.bseindia.com/bseplus/annualreport/512070/5120700310.pdf"},{"source":"nse","report_date":2010,"link":"http://nseindia.com/annual_reports/AR_UNIPHOS_2009_2010_18082010121500.zip"}],"announcement_set":[{"ann_date":"05 Apr 2018","announcement":"Compliance Certificate Pursuant To Regulation 7(3) Of The SEBI (Listing Obligations And Disclosure Requirements) Regulations, 2015 For The Half Financial Year Ended March 31, 2018","link":"https://www.bseindia.com/corporates/anndet_new.aspx?newsid=4b045930-a954-4ce2-8dc9-2760fa855bb9"},{"ann_date":"05 Apr 2018","announcement":"Statement Of Investor Complaints For The Quarter Ended March 2018 (Revised)","link":"https://www.bseindia.com/corporates/anndet_new.aspx?newsid=7b59445c-b570-4ccc-89d0-9dc84151eb7b"},{"ann_date":"23 Mar 2018","announcement":"Announcement under Regulation 30 (LODR)-Allotment of ESOP / ESPS","link":"https://www.bseindia.com/corporates/anndet_new.aspx?newsid=a4bb9529-4f34-42be-98e5-b9ca55c0760f"},{"ann_date":"19 Mar 2018","announcement":"Revised disclosures under Reg. 29(2) of SEBI (SAST) Regulations, 2011","link":"https://www.bseindia.com/corporates/anndet_new.aspx?newsid=d51e18e2-f0eb-48a3-b45a-eb9af803b97b"},{"ann_date":"16 Mar 2018","announcement":"UPL LIMITED ENTERS INTO AN AGREEMENT RESULTING IN DILUTION OF ITS HOLDING FROM 49% TO 45% IN SINAGRO GROUP SHARE CAPITAL, A BRAZILIAN GROUP IN THE STATE OF MATO GROSSO.","link":"https://www.bseindia.com/corporates/anndet_new.aspx?newsid=9fce5590-a8ef-43d7-8d5c-ccc97f477843"}],"warehouse_set":{"high_price":902.5,"low_price":672.5,"sales_growth":7.82,"current_price":753.2,"dividend_yield":0.93,"face_value":2.0,"id":639,"sales_growth_3years":11.78,"profit_growth_5years":3.87,"average_return_on_equity_3years":8.19,"book_value":163.72,"status":"Active","pair_url":"/company/UPL/consolidated","sales_growth_10years":19.39,"average_return_on_equity_10years":7.8,"profit_growth":25.05,"market_capitalization":38291.23,"profit_growth_10years":14.48,"price_to_earning":65.06,"industry":"Agrochemicals","analysis":{"remarks":[],"bad":["Stock is trading at 4.60 times its book value","Promoter holding is low: 27.83%","Company has a low return on equity of 8.19% for last 3 years.","Earnings include an other income of Rs.450.00 Cr."],"good":["Company has reduced debt.","Company is virtually debt free.","Company has been maintaining a healthy dividend payout of 71.66%"]},"result_type":"sa","profit_growth_3years":-14.28,"sales_growth_5years":15.92,"return_on_equity":4.63,"average_return_on_equity_5years":8.52},"id":3554,"name":"UPL Ltd"}
