{"prime":"con","number_set":{"balancesheet":[["Share Capital",{"2008-03-31":33.07,"2016-03-31":33.08,"2014-03-31":33.07,"2011-03-31":33.07,"2015-03-31":33.07,"2013-03-31":33.07,"2006-03-31":33.06,"2012-03-31":33.07,"2017-03-31":33.08,"2010-03-31":33.07,"2009-03-31":33.07,"2007-03-31":33.07}],["Reserves",{"2008-03-31":505.25,"2016-03-31":2472.63,"2014-03-31":1564.87,"2011-03-31":1238.67,"2015-03-31":1806.44,"2013-03-31":1449.53,"2006-03-31":208.35,"2012-03-31":1330.59,"2017-03-31":2951.74,"2010-03-31":962.15,"2009-03-31":695.92,"2007-03-31":347.68}],["Borrowings",{"2008-03-31":47.67,"2016-03-31":119.49,"2014-03-31":193.38,"2011-03-31":93.91,"2015-03-31":53.06,"2013-03-31":211.97,"2006-03-31":72.01,"2012-03-31":177.79,"2017-03-31":69.08,"2010-03-31":19.08,"2009-03-31":128.44,"2007-03-31":82.14}],["Other Liabilities",{"2008-03-31":3922.03,"2016-03-31":2235.52,"2014-03-31":2356.17,"2011-03-31":2461.87,"2015-03-31":2388.81,"2013-03-31":2391.34,"2006-03-31":1770.39,"2012-03-31":2257.4,"2017-03-31":2630.58,"2010-03-31":2095.46,"2009-03-31":6350.74,"2007-03-31":2699.74}],["Total Liabilities",{"2008-03-31":4508.02,"2016-03-31":4860.72,"2014-03-31":4147.49,"2011-03-31":3827.52,"2015-03-31":4281.38,"2013-03-31":4085.91,"2006-03-31":2083.81,"2012-03-31":3798.85,"2017-03-31":5684.48,"2010-03-31":3109.76,"2009-03-31":7208.17,"2007-03-31":3162.63}],["Fixed Assets",{"2008-03-31":140.75,"2016-03-31":179.25,"2014-03-31":174.68,"2011-03-31":183.54,"2015-03-31":155.76,"2013-03-31":176.09,"2006-03-31":123.83,"2012-03-31":163.95,"2017-03-31":160.55,"2010-03-31":167.07,"2009-03-31":163.4,"2007-03-31":123.84}],["CWIP",{"2008-03-31":18.75,"2016-03-31":1.09,"2014-03-31":1.77,"2011-03-31":0.61,"2015-03-31":4.42,"2013-03-31":0.01,"2006-03-31":10.99,"2012-03-31":4.03,"2017-03-31":0.55,"2010-03-31":7.61,"2009-03-31":9.65,"2007-03-31":6.03}],["Investments",{"2008-03-31":267.93,"2016-03-31":2033.76,"2014-03-31":891.41,"2011-03-31":393.47,"2015-03-31":1224.0,"2013-03-31":559.84,"2006-03-31":61.03,"2012-03-31":467.4,"2017-03-31":2459.07,"2010-03-31":339.96,"2009-03-31":235.8,"2007-03-31":137.41}],["Other Assets",{"2008-03-31":4080.59,"2016-03-31":2646.62,"2014-03-31":3079.63,"2011-03-31":3249.9,"2015-03-31":2897.2,"2013-03-31":3349.97,"2006-03-31":1887.96,"2012-03-31":3163.47,"2017-03-31":3064.31,"2010-03-31":2595.12,"2009-03-31":6799.32,"2007-03-31":2895.35}],["Total Assets",{"2008-03-31":4508.02,"2016-03-31":4860.72,"2014-03-31":4147.49,"2011-03-31":3827.52,"2015-03-31":4281.38,"2013-03-31":4085.91,"2006-03-31":2083.81,"2012-03-31":3798.85,"2017-03-31":5684.48,"2010-03-31":3109.76,"2009-03-31":7208.17,"2007-03-31":3162.63}]],"annual":[["Sales",{"2008-03-31":3044.54,"2016-03-31":5148.77,"2014-03-31":5151.36,"2011-03-31":5148.4,"2015-03-31":5168.95,"2013-03-31":5565.43,"2006-03-31":1853.14,"2012-03-31":5169.76,"2017-03-31":5410.36,"2010-03-31":4493.37,"2009-03-31":4033.29,"2007-03-31":2400.55}],["Expenses",{"2008-03-31":2799.26,"2016-03-31":4859.45,"2014-03-31":5007.84,"2011-03-31":4702.64,"2015-03-31":5081.7,"2013-03-31":5503.96,"2006-03-31":1831.24,"2012-03-31":5144.5,"2017-03-31":4987.5,"2010-03-31":4096.56,"2009-03-31":3776.69,"2007-03-31":2328.13}],["Operating Profit",{"2008-03-31":245.28,"2016-03-31":289.32,"2014-03-31":143.52,"2011-03-31":445.76,"2015-03-31":87.25,"2013-03-31":61.47,"2006-03-31":21.9,"2012-03-31":25.26,"2017-03-31":422.86,"2010-03-31":396.81,"2009-03-31":256.6,"2007-03-31":72.42}],["OPM",{"2008-03-31":8.06,"2016-03-31":5.62,"2014-03-31":2.79,"2011-03-31":8.66,"2015-03-31":1.69,"2013-03-31":1.1,"2006-03-31":1.18,"2012-03-31":0.49,"2017-03-31":7.82,"2010-03-31":8.83,"2009-03-31":6.36,"2007-03-31":3.02}],["Other Income",{"2008-03-31":81.46,"2016-03-31":225.78,"2014-03-31":148.25,"2011-03-31":106.03,"2015-03-31":384.98,"2013-03-31":230.02,"2006-03-31":85.18,"2012-03-31":236.56,"2017-03-31":255.93,"2010-03-31":111.84,"2009-03-31":133.55,"2007-03-31":169.74}],["Interest",{"2008-03-31":5.96,"2016-03-31":8.06,"2014-03-31":15.99,"2011-03-31":13.08,"2015-03-31":16.25,"2013-03-31":26.71,"2006-03-31":4.6,"2012-03-31":25.9,"2017-03-31":9.66,"2010-03-31":6.96,"2009-03-31":6.62,"2007-03-31":7.33}],["Depreciation",{"2008-03-31":13.56,"2016-03-31":19.1,"2014-03-31":18.96,"2011-03-31":16.45,"2015-03-31":22.45,"2013-03-31":22.21,"2006-03-31":11.09,"2012-03-31":28.57,"2017-03-31":18.12,"2010-03-31":16.39,"2009-03-31":16.59,"2007-03-31":12.32}],["Profit before tax",{"2008-03-31":307.22,"2016-03-31":487.95,"2014-03-31":256.83,"2011-03-31":522.26,"2015-03-31":433.53,"2013-03-31":242.57,"2006-03-31":91.39,"2012-03-31":207.35,"2017-03-31":651.02,"2010-03-31":485.3,"2009-03-31":366.94,"2007-03-31":222.51}],["Tax",{"2008-03-31":98.86,"2016-03-31":138.6,"2014-03-31":75.34,"2011-03-31":168.73,"2015-03-31":104.29,"2013-03-31":62.5,"2006-03-31":20.9,"2012-03-31":55.48,"2017-03-31":164.84,"2010-03-31":141.08,"2009-03-31":114.35,"2007-03-31":36.43}],["Net Profit",{"2008-03-31":208.36,"2016-03-31":349.35,"2014-03-31":181.48,"2011-03-31":353.53,"2015-03-31":329.23,"2013-03-31":180.07,"2006-03-31":70.49,"2012-03-31":151.87,"2017-03-31":486.19,"2010-03-31":344.22,"2009-03-31":252.59,"2007-03-31":186.08}],["EPS (unadj)",{"2008-03-31":6.07,"2016-03-31":10.4,"2014-03-31":5.17,"2011-03-31":10.37,"2015-03-31":9.5,"2013-03-31":5.17,"2006-03-31":20.48,"2012-03-31":4.33,"2017-03-31":14.47,"2010-03-31":10.08,"2009-03-31":7.37,"2007-03-31":5.46}],["Dividend Payout",{"2008-03-31":21.44,"2016-03-31":24.63,"2014-03-31":33.73,"2011-03-31":18.72,"2015-03-31":22.61,"2013-03-31":29.4,"2006-03-31":28.16,"2012-03-31":34.86,"2017-03-31":23.82,"2010-03-31":19.23,"2009-03-31":20.96,"2007-03-31":17.78}]],"cashflow":[["Cash from Operating Activity",{"2008-03-31":345.83,"2016-03-31":272.88,"2014-03-31":333.6,"2011-03-31":8.66,"2015-03-31":220.95,"2013-03-31":63.69,"2006-03-31":48.94,"2012-03-31":-242.47,"2017-03-31":290.33,"2010-03-31":290.82,"2009-03-31":58.83,"2007-03-31":1.66}],["Cash from Investing Activity",{"2008-03-31":-131.8,"2016-03-31":-270.12,"2014-03-31":-292.35,"2011-03-31":-20.07,"2015-03-31":-58.87,"2013-03-31":44.35,"2006-03-31":-28.45,"2012-03-31":84.09,"2017-03-31":-57.2,"2010-03-31":-109.81,"2009-03-31":44.02,"2007-03-31":51.35}],["Cash from Financing Activity",{"2008-03-31":-79.07,"2016-03-31":-19.69,"2014-03-31":-92.57,"2011-03-31":-15.09,"2015-03-31":-221.15,"2013-03-31":-53.15,"2006-03-31":-57.52,"2012-03-31":-18.18,"2017-03-31":-154.37,"2010-03-31":-177.86,"2009-03-31":22.19,"2007-03-31":-21.39}],["Net Cash Flow",{"2008-03-31":134.96,"2016-03-31":-16.93,"2014-03-31":-51.32,"2011-03-31":-26.5,"2015-03-31":-59.07,"2013-03-31":54.89,"2006-03-31":-37.03,"2012-03-31":-176.56,"2017-03-31":78.76,"2010-03-31":3.15,"2009-03-31":125.04,"2007-03-31":31.62}]],"quarters":[["Sales",{"2016-06-30":1649.74,"2016-12-31":1017.52,"2017-03-31":1907.01,"2017-06-30":1816.94,"2015-06-30":1535.86,"2015-03-31":1507.71,"2017-09-30":903.81,"2015-12-31":1092.22,"2016-03-31":1577.96,"2017-12-31":1225.03,"2016-09-30":836.09,"2015-09-30":942.73}],["Expenses",{"2016-06-30":1533.57,"2016-12-31":923.73,"2017-03-31":1756.71,"2017-06-30":1657.81,"2015-06-30":1445.47,"2015-03-31":1406.35,"2017-09-30":866.77,"2015-12-31":1072.42,"2016-03-31":1457.91,"2017-12-31":1148.28,"2016-09-30":773.48,"2015-09-30":883.65}],["Operating Profit",{"2016-06-30":116.17,"2016-12-31":93.79,"2017-03-31":150.3,"2017-06-30":159.13,"2015-06-30":90.39,"2015-03-31":101.36,"2017-09-30":37.04,"2015-12-31":19.8,"2016-03-31":120.05,"2017-12-31":76.75,"2016-09-30":62.61,"2015-09-30":59.08}],["OPM",{"2016-06-30":7.04,"2016-12-31":9.22,"2017-03-31":7.88,"2017-06-30":8.76,"2015-06-30":5.89,"2015-03-31":6.72,"2017-09-30":4.1,"2015-12-31":1.81,"2016-03-31":7.61,"2017-12-31":6.27,"2016-09-30":7.49,"2015-09-30":6.27}],["Other Income",{"2016-06-30":36.68,"2016-12-31":57.93,"2017-03-31":43.25,"2017-06-30":62.02,"2015-06-30":24.95,"2015-03-31":31.45,"2017-09-30":102.0,"2015-12-31":28.07,"2016-03-31":74.41,"2017-12-31":19.48,"2016-09-30":118.07,"2015-09-30":98.35}],["Depreciation",{"2016-06-30":4.68,"2016-12-31":4.54,"2017-03-31":4.41,"2017-06-30":4.83,"2015-06-30":4.68,"2015-03-31":6.6,"2017-09-30":4.82,"2015-12-31":4.72,"2016-03-31":4.91,"2017-12-31":4.8,"2016-09-30":4.49,"2015-09-30":4.79}],["Interest",{"2016-06-30":2.4,"2016-12-31":1.29,"2017-03-31":4.66,"2017-06-30":2.09,"2015-06-30":1.7,"2015-03-31":4.01,"2017-09-30":0.6,"2015-12-31":1.86,"2016-03-31":2.94,"2017-12-31":1.41,"2016-09-30":1.31,"2015-09-30":1.56}],["Profit before tax",{"2016-06-30":145.77,"2016-12-31":145.89,"2017-03-31":184.48,"2017-06-30":214.23,"2015-06-30":108.96,"2015-03-31":122.2,"2017-09-30":133.62,"2015-12-31":41.29,"2016-03-31":186.61,"2017-12-31":90.02,"2016-09-30":174.88,"2015-09-30":151.08}],["Tax",{"2016-06-30":40.81,"2016-12-31":42.48,"2017-03-31":32.57,"2017-06-30":56.41,"2015-06-30":31.54,"2015-03-31":33.79,"2017-09-30":37.51,"2015-12-31":10.5,"2016-03-31":59.02,"2017-12-31":19.93,"2016-09-30":48.97,"2015-09-30":37.53}],["Net Profit",{"2016-06-30":104.96,"2016-12-31":103.41,"2017-03-31":151.91,"2017-06-30":157.82,"2015-06-30":77.42,"2015-03-31":88.41,"2017-09-30":96.11,"2015-12-31":30.79,"2016-03-31":127.59,"2017-12-31":70.09,"2016-09-30":125.91,"2015-09-30":113.55}]]},"bse_code":"500575","short_name":"Voltas","nse_code":"VOLTAS","companyrating_set":[{"rating__rating":"[ICRA]AA (stable)","instrument":"Bank Loan Rating-Long Term","rating__source":"icra","link":"http://icra.in/search.aspx?word=Voltas Ltd"},{"rating__rating":"[ICRA]A1+","instrument":"Bank Loan Rating-Short Term","rating__source":"icra","link":"http://icra.in/search.aspx?word=Voltas Ltd"},{"rating__rating":"[ICRA]AA (stable)","instrument":"Corporate Debt Rating-Long Term","rating__source":"icra","link":"http://icra.in/search.aspx?word=Voltas Ltd"},{"rating__rating":"[ICRA]A1+","instrument":"Corporate Debt Rating-Short Term","rating__source":"icra","link":"http://icra.in/search.aspx?word=Voltas Ltd"}],"annualreport_set":[{"source":"bse","report_date":2017,"link":"http://www.bseindia.com/bseplus/AnnualReport/500575/5005750317.pdf"},{"source":"bse","report_date":2016,"link":"http://www.bseindia.com/bseplus/AnnualReport/500575/5005750316.pdf"},{"source":"bse","report_date":2015,"link":"http://www.bseindia.com/bseplus/AnnualReport/500575/5005750315.pdf"},{"source":"bse","report_date":2014,"link":"http://www.bseindia.com/bseplus/AnnualReport/500575/5005750314.pdf"},{"source":"bse","report_date":2013,"link":"http://www.bseindia.com/bseplus/annualreport/500575/5005750313.pdf"},{"source":"nse","report_date":2013,"link":"http://nseindia.com/annual_reports/AR_674_VOLTAS_2012_2013_22072013111246.zip"},{"source":"bse","report_date":2012,"link":"http://www.bseindia.com/bseplus/annualreport/500575/5005750312.PDF"},{"source":"bse","report_date":2011,"link":"http://www.bseindia.com/bseplus/annualreport/500575/5005750311.pdf"},{"source":"nse","report_date":2011,"link":"http://nseindia.com/annual_reports/AR_VOLTAS_2010_2011_08082011091125.zip"},{"source":"nse","report_date":2010,"link":"http://nseindia.com/annual_reports/AR_VOLTAS_2009_2010_18082010121500.zip"}],"announcement_set":[{"ann_date":"05 Apr 2018","announcement":"Statement Of Investor Complaints For The Quarter Ended March 2018 (Revised)","link":"https://www.bseindia.com/corporates/anndet_new.aspx?newsid=188bec14-6f90-4f23-93cb-2217f5a62eda"},{"ann_date":"20 Mar 2018","announcement":"Announcement under Regulation 30 (LODR)-Analyst / Investor Meet - Intimation","link":"https://www.bseindia.com/corporates/anndet_new.aspx?newsid=6a260b63-a66d-4bac-809b-bf83bbaf24bb"},{"ann_date":"16 Mar 2018","announcement":"Announcement under Regulation 30 (LODR)-Analyst / Investor Meet - Intimation","link":"https://www.bseindia.com/corporates/anndet_new.aspx?newsid=b5f26666-7575-4a97-9e79-4bc4c9bab0b1"},{"ann_date":"07 Mar 2018","announcement":"Announcement under Regulation 30 (LODR)-Analyst / Investor Meet - Intimation","link":"https://www.bseindia.com/corporates/anndet_new.aspx?newsid=3efba077-e95f-49f6-a958-e3408c2885ee"},{"ann_date":"06 Mar 2018","announcement":"Announcement under Regulation 30 (LODR)-Analyst / Investor Meet - Intimation","link":"https://www.bseindia.com/corporates/anndet_new.aspx?newsid=0bdde7fe-ae1b-4e2e-9929-51110a984bbf"}],"warehouse_set":{"high_price":675.3,"low_price":401.3,"sales_growth":15.18,"current_price":631.75,"dividend_yield":0.55,"face_value":1.0,"id":3490,"sales_growth_3years":1.65,"profit_growth_5years":9.65,"average_return_on_equity_3years":15.33,"book_value":100.0,"status":"Active","pair_url":"/company/VOLTAS/consolidated","sales_growth_10years":6.6,"average_return_on_equity_10years":19.65,"profit_growth":3.04,"market_capitalization":20903.64,"profit_growth_10years":8.95,"price_to_earning":42.53,"industry":"Consumer Electronics","analysis":{"remarks":[],"bad":["The company has delivered a poor growth of 0.91% over past five years.","Promoter holding is low: 30.30%","Earnings include an other income of Rs.226.75 Cr."],"good":["Company has reduced debt.","Company is virtually debt free.","Company has been maintaining a healthy dividend payout of 23.72%"]},"result_type":"sa","profit_growth_3years":30.26,"sales_growth_5years":0.91,"return_on_equity":14.81,"average_return_on_equity_5years":14.33},"id":3708,"name":"Voltas Ltd"}
