{"prime":"con","number_set":{"balancesheet":[["Share Capital",{"2017-03-31":55.27,"2016-03-31":55.25,"2006-12-31":54.72,"2014-03-31":353.43,"2008-12-31":54.72,"2015-03-31":353.59,"2013-03-31":353.34,"2012-03-31":816.09,"2010-03-31":723.3,"2007-12-31":54.72,"2011-03-31":799.93,"2005-12-31":54.65}],["Reserves",{"2017-03-31":1164.05,"2016-03-31":1112.71,"2006-12-31":901.84,"2014-03-31":882.13,"2008-12-31":622.55,"2015-03-31":1016.5,"2013-03-31":763.38,"2012-03-31":65.49,"2010-03-31":-171.66,"2007-12-31":971.31,"2011-03-31":-128.45,"2005-12-31":750.54}],["Borrowings",{"2017-03-31":2110.37,"2016-03-31":1984.42,"2006-12-31":707.5,"2014-03-31":183.52,"2008-12-31":1820.64,"2015-03-31":839.66,"2013-03-31":174.12,"2012-03-31":1140.67,"2010-03-31":1998.13,"2007-12-31":808.81,"2011-03-31":1896.03,"2005-12-31":809.71}],["Other Liabilities",{"2017-03-31":1448.4,"2016-03-31":1644.51,"2006-12-31":416.98,"2014-03-31":2302.4,"2008-12-31":1185.11,"2015-03-31":2271.35,"2013-03-31":2203.12,"2012-03-31":1928.03,"2010-03-31":1342.94,"2007-12-31":446.12,"2011-03-31":1380.54,"2005-12-31":337.05}],["Total Liabilities",{"2017-03-31":4778.09,"2016-03-31":4796.89,"2006-12-31":2081.04,"2014-03-31":3422.93,"2008-12-31":3683.02,"2015-03-31":4182.55,"2013-03-31":3195.41,"2012-03-31":3188.91,"2010-03-31":3224.13,"2007-12-31":2280.96,"2011-03-31":3202.84,"2005-12-31":1951.95}],["Fixed Assets",{"2017-03-31":1464.51,"2016-03-31":1401.8,"2006-12-31":548.25,"2014-03-31":1032.88,"2008-12-31":714.78,"2015-03-31":1005.49,"2013-03-31":936.62,"2012-03-31":855.96,"2010-03-31":715.22,"2007-12-31":569.75,"2011-03-31":762.45,"2005-12-31":365.62}],["CWIP",{"2017-03-31":665.34,"2016-03-31":663.6,"2006-12-31":153.01,"2014-03-31":581.83,"2008-12-31":399.15,"2015-03-31":792.16,"2013-03-31":481.79,"2012-03-31":810.8,"2010-03-31":462.88,"2007-12-31":340.92,"2011-03-31":771.74,"2005-12-31":231.14}],["Investments",{"2017-03-31":297.22,"2016-03-31":297.22,"2006-12-31":159.89,"2014-03-31":307.95,"2008-12-31":302.6,"2015-03-31":297.22,"2013-03-31":307.95,"2012-03-31":307.95,"2010-03-31":315.65,"2007-12-31":302.47,"2011-03-31":307.95,"2005-12-31":184.28}],["Other Assets",{"2017-03-31":2351.02,"2016-03-31":2434.27,"2006-12-31":1219.89,"2014-03-31":1500.27,"2008-12-31":2266.49,"2015-03-31":2087.68,"2013-03-31":1469.05,"2012-03-31":1214.2,"2010-03-31":1730.38,"2007-12-31":1067.82,"2011-03-31":1360.7,"2005-12-31":1170.91}],["Total Assets",{"2017-03-31":4778.09,"2016-03-31":4796.89,"2006-12-31":2081.04,"2014-03-31":3422.93,"2008-12-31":3683.02,"2015-03-31":4182.55,"2013-03-31":3195.41,"2012-03-31":3188.91,"2010-03-31":3224.13,"2007-12-31":2280.96,"2011-03-31":3202.84,"2005-12-31":1951.95}]],"annual":[["Sales",{"2017-03-31":2297.52,"2016-03-31":2216.53,"2006-12-31":1134.49,"2014-03-31":1805.27,"2008-12-31":1444.55,"2015-03-31":1886.55,"2013-03-31":2203.41,"2012-03-31":2297.1,"2010-03-31":1868.51,"2007-12-31":1152.4,"2011-03-31":1754.92,"2005-12-31":964.03}],["Expenses",{"2017-03-31":2152.67,"2016-03-31":2090.61,"2006-12-31":916.63,"2014-03-31":1779.9,"2008-12-31":1790.07,"2015-03-31":1879.12,"2013-03-31":1864.04,"2012-03-31":1710.65,"2010-03-31":2586.09,"2007-12-31":890.77,"2011-03-31":1639.42,"2005-12-31":705.72}],["Operating Profit",{"2017-03-31":144.85,"2016-03-31":125.92,"2006-12-31":217.86,"2014-03-31":25.37,"2008-12-31":-345.52,"2015-03-31":7.43,"2013-03-31":339.37,"2012-03-31":586.45,"2010-03-31":-717.58,"2007-12-31":261.63,"2011-03-31":115.5,"2005-12-31":258.31}],["OPM",{"2017-03-31":6.3,"2016-03-31":5.68,"2006-12-31":19.2,"2014-03-31":1.41,"2008-12-31":-23.92,"2015-03-31":0.39,"2013-03-31":15.4,"2012-03-31":25.53,"2010-03-31":-38.4,"2007-12-31":22.7,"2011-03-31":6.58,"2005-12-31":26.79}],["Other Income",{"2017-03-31":248.31,"2016-03-31":61.5,"2006-12-31":80.23,"2014-03-31":319.38,"2008-12-31":56.14,"2015-03-31":465.11,"2013-03-31":601.45,"2012-03-31":78.93,"2010-03-31":227.26,"2007-12-31":82.88,"2011-03-31":17.09,"2005-12-31":58.4}],["Interest",{"2017-03-31":168.72,"2016-03-31":107.86,"2006-12-31":10.62,"2014-03-31":33.67,"2008-12-31":121.67,"2015-03-31":19.18,"2013-03-31":154.37,"2012-03-31":215.36,"2010-03-31":231.97,"2007-12-31":36.85,"2011-03-31":203.08,"2005-12-31":27.07}],["Depreciation",{"2017-03-31":105.66,"2016-03-31":99.08,"2006-12-31":34.84,"2014-03-31":96.32,"2008-12-31":46.03,"2015-03-31":102.93,"2013-03-31":80.77,"2012-03-31":66.31,"2010-03-31":71.05,"2007-12-31":34.54,"2011-03-31":61.58,"2005-12-31":24.22}],["Profit before tax",{"2017-03-31":118.78,"2016-03-31":-19.52,"2006-12-31":252.63,"2014-03-31":214.76,"2008-12-31":-457.08,"2015-03-31":350.43,"2013-03-31":705.68,"2012-03-31":383.71,"2010-03-31":-793.34,"2007-12-31":273.12,"2011-03-31":-132.07,"2005-12-31":265.42}],["Tax",{"2017-03-31":-18.34,"2016-03-31":-27.86,"2006-12-31":39.08,"2014-03-31":16.15,"2008-12-31":-108.32,"2015-03-31":18.61,"2013-03-31":82.98,"2012-03-31":199.71,"2010-03-31":0.87,"2007-12-31":59.24,"2011-03-31":0.0,"2005-12-31":26.95}],["Net Profit",{"2017-03-31":137.12,"2016-03-31":8.34,"2006-12-31":213.55,"2014-03-31":198.61,"2008-12-31":-348.76,"2015-03-31":331.82,"2013-03-31":622.7,"2012-03-31":184.0,"2010-03-31":-794.21,"2007-12-31":213.88,"2011-03-31":-132.07,"2005-12-31":238.47}],["EPS (unadj)",{"2017-03-31":12.4,"2016-03-31":0.75,"2006-12-31":18.81,"2014-03-31":18.94,"2008-12-31":0.0,"2015-03-31":30.14,"2013-03-31":55.97,"2012-03-31":16.79,"2010-03-31":0.0,"2007-12-31":17.63,"2011-03-31":0.0,"2005-12-31":21.12}],["Dividend Payout",{"2017-03-31":80.62,"2016-03-31":0.0,"2006-12-31":25.62,"2014-03-31":55.26,"2008-12-31":-0.0,"2015-03-31":66.34,"2013-03-31":8.8,"2012-03-31":0.0,"2010-03-31":-0.0,"2007-12-31":57.56,"2011-03-31":-0.0,"2005-12-31":22.92}]],"cashflow":[["Cash from Operating Activity",{"2017-03-31":-235.02,"2016-03-31":-363.18,"2006-12-31":154.64,"2014-03-31":131.22,"2008-12-31":66.77,"2015-03-31":-53.4,"2013-03-31":1428.93,"2012-03-31":893.73,"2010-03-31":-740.43,"2007-12-31":127.48,"2011-03-31":479.87,"2005-12-31":175.24}],["Cash from Investing Activity",{"2017-03-31":369.2,"2016-03-31":-1014.72,"2006-12-31":-117.58,"2014-03-31":-24.76,"2008-12-31":-947.28,"2015-03-31":203.24,"2013-03-31":481.77,"2012-03-31":-236.23,"2010-03-31":666.85,"2007-12-31":-401.97,"2011-03-31":-180.91,"2005-12-31":-96.69}],["Cash from Financing Activity",{"2017-03-31":-133.06,"2016-03-31":763.89,"2006-12-31":-163.92,"2014-03-31":-187.54,"2008-12-31":742.61,"2015-03-31":424.91,"2013-03-31":-1840.84,"2012-03-31":-742.68,"2010-03-31":103.33,"2007-12-31":-70.5,"2011-03-31":-206.78,"2005-12-31":-101.56}],["Net Cash Flow",{"2017-03-31":1.12,"2016-03-31":-614.01,"2006-12-31":-126.86,"2014-03-31":-81.08,"2008-12-31":-137.9,"2015-03-31":574.75,"2013-03-31":69.86,"2012-03-31":-85.18,"2010-03-31":29.75,"2007-12-31":-344.99,"2011-03-31":92.18,"2005-12-31":-23.01}]],"quarters":[["Sales",{"2016-06-30":613.35,"2016-12-31":545.35,"2017-03-31":540.54,"2017-06-30":439.9,"2015-06-30":512.92,"2015-03-31":490.78,"2017-09-30":588.93,"2015-12-31":628.83,"2016-03-31":508.34,"2017-12-31":535.12,"2016-09-30":598.28,"2015-09-30":566.43}],["Expenses",{"2016-06-30":559.18,"2016-12-31":524.55,"2017-03-31":490.48,"2017-06-30":517.4,"2015-06-30":511.07,"2015-03-31":495.5,"2017-09-30":535.74,"2015-12-31":509.48,"2016-03-31":499.01,"2017-12-31":516.59,"2016-09-30":578.46,"2015-09-30":563.5}],["Operating Profit",{"2016-06-30":54.17,"2016-12-31":20.8,"2017-03-31":50.06,"2017-06-30":-77.5,"2015-06-30":1.85,"2015-03-31":-4.72,"2017-09-30":53.19,"2015-12-31":119.35,"2016-03-31":9.33,"2017-12-31":18.53,"2016-09-30":19.82,"2015-09-30":2.93}],["OPM",{"2016-06-30":8.83,"2016-12-31":3.81,"2017-03-31":9.26,"2017-06-30":-17.62,"2015-06-30":0.36,"2015-03-31":-0.96,"2017-09-30":9.03,"2015-12-31":18.98,"2016-03-31":1.84,"2017-12-31":3.46,"2016-09-30":3.31,"2015-09-30":0.52}],["Other Income",{"2016-06-30":17.36,"2016-12-31":22.32,"2017-03-31":17.6,"2017-06-30":22.5,"2015-06-30":9.09,"2015-03-31":8.08,"2017-09-30":12.23,"2015-12-31":19.79,"2016-03-31":18.18,"2017-12-31":11.56,"2016-09-30":191.03,"2015-09-30":6.91}],["Depreciation",{"2016-06-30":25.73,"2016-12-31":27.73,"2017-03-31":25.31,"2017-06-30":26.54,"2015-06-30":25.07,"2015-03-31":25.17,"2017-09-30":25.73,"2015-12-31":25.54,"2016-03-31":23.51,"2017-12-31":26.73,"2016-09-30":26.89,"2015-09-30":24.95}],["Interest",{"2016-06-30":44.12,"2016-12-31":41.55,"2017-03-31":40.74,"2017-06-30":42.92,"2015-06-30":17.25,"2015-03-31":6.39,"2017-09-30":43.5,"2015-12-31":27.47,"2016-03-31":38.47,"2017-12-31":41.04,"2016-09-30":42.31,"2015-09-30":24.64}],["Profit before tax",{"2016-06-30":1.68,"2016-12-31":-26.16,"2017-03-31":1.61,"2017-06-30":-124.46,"2015-06-30":-31.38,"2015-03-31":-28.2,"2017-09-30":-3.81,"2015-12-31":86.13,"2016-03-31":-34.47,"2017-12-31":-37.68,"2016-09-30":141.65,"2015-09-30":-39.75}],["Tax",{"2016-06-30":-14.65,"2016-12-31":-6.7,"2017-03-31":7.52,"2017-06-30":-22.88,"2015-06-30":0.06,"2015-03-31":-14.14,"2017-09-30":-29.13,"2015-12-31":1.89,"2016-03-31":-35.26,"2017-12-31":-10.16,"2016-09-30":-4.51,"2015-09-30":5.44}],["Net Profit",{"2016-06-30":16.33,"2016-12-31":-19.46,"2017-03-31":-5.91,"2017-06-30":-101.58,"2015-06-30":-31.44,"2015-03-31":-14.06,"2017-09-30":25.32,"2015-12-31":84.24,"2016-03-31":0.79,"2017-12-31":-27.52,"2016-09-30":146.16,"2015-09-30":-45.19}]]},"bse_code":"532300","short_name":"Wockhardt","nse_code":"WOCKPHARMA","companyrating_set":[{"rating__rating":"CARE AA-","instrument":"Bank FacilitiesFund Based - LT","rating__source":"care","link":"http://google.com/search?btnI=1&q=Wockhardt Ltd+site:careratings.com"},{"rating__rating":"CARE A1+","instrument":"Bank FacilitiesNon-Fund Based - ST","rating__source":"care","link":"http://google.com/search?btnI=1&q=Wockhardt Ltd+site:careratings.com"},{"rating__rating":"IND AA (Stable)","instrument":"Long Term","rating__source":"fitch","link":"http://www.indiaratings.co.in/search/search.jsp?q=Wockhardt Ltd"},{"rating__rating":"IND A1+","instrument":"Short Term","rating__source":"fitch","link":"http://www.indiaratings.co.in/search/search.jsp?q=Wockhardt Ltd"}],"annualreport_set":[{"source":"bse","report_date":2017,"link":"http://www.bseindia.com/bseplus/AnnualReport/532300/5323000317.pdf"},{"source":"bse","report_date":2016,"link":"http://www.bseindia.com/bseplus/AnnualReport/532300/5323000316.pdf"},{"source":"bse","report_date":2015,"link":"http://www.bseindia.com/bseplus/AnnualReport/532300/5323000315.pdf"},{"source":"bse","report_date":2014,"link":"http://www.bseindia.com/bseplus/AnnualReport/532300/5323000314.pdf"},{"source":"bse","report_date":2013,"link":"http://www.bseindia.com/bseplus/annualreport/532300/5323000313.pdf"},{"source":"bse","report_date":2012,"link":"http://www.bseindia.com/bseplus/annualreport/532300/5323000312.PDF"},{"source":"bse","report_date":2011,"link":"http://www.bseindia.com/bseplus/annualreport/532300/5323000311.pdf"},{"source":"nse","report_date":2011,"link":"http://nseindia.com/annual_reports/AR_WOCKPHARMA_2010_2011_16092011055556.zip"},{"source":"bse","report_date":2010,"link":"http://www.bseindia.com/bseplus/annualreport/532300/5323000310.pdf"},{"source":"nse","report_date":2010,"link":"http://nseindia.com/annual_reports/AR_WOCKPHARMA_2009_2010_14092010120000.zip"}],"announcement_set":[{"ann_date":"03 Apr 2018","announcement":"Compliance Certificate - Regulation 7(3) Of The SEBI (Listing Obligations And Disclosure Requirements) Regulations, 2015 For The Half Year Ended 31St March, 2018","link":"https://www.bseindia.com/corporates/anndet_new.aspx?newsid=23934e9e-af42-4ef8-86d2-4e0c4e5d8b29"},{"ann_date":"30 Mar 2018","announcement":"Announcement under Regulation 30 (LODR)-Credit Rating","link":"https://www.bseindia.com/corporates/anndet_new.aspx?newsid=1c526486-9eef-4da5-8b5d-da5add2d2671"},{"ann_date":"29 Mar 2018","announcement":"Clarification On News Item Appeared In 'Economic Times'","link":"https://www.bseindia.com/corporates/anndet_new.aspx?newsid=de23c164-717e-4a00-8a9c-81b42292cdb4"},{"ann_date":"28 Mar 2018","announcement":"Clarification sought from Wockhardt Ltd","link":"https://www.bseindia.com/corporates/anndet_new.aspx?newsid=6e22108c-ee2b-46ab-be46-04f36626f615"},{"ann_date":"16 Mar 2018","announcement":"Clarification sought from Wockhardt Ltd","link":"https://www.bseindia.com/corporates/anndet_new.aspx?newsid=98949df4-3ced-4bb9-949b-f7efcd07dbd1"}],"warehouse_set":{"high_price":1012.0,"low_price":530.65,"sales_growth":-7.1,"current_price":772.1,"dividend_yield":1.29,"face_value":5.0,"id":1052,"sales_growth_3years":8.37,"profit_growth_5years":-11.57,"average_return_on_equity_3years":14.54,"book_value":100.83,"status":"Active","pair_url":"/company/WOCKPHARMA/consolidated","sales_growth_10years":7.97,"profit_growth":-176.27,"market_capitalization":8541.78,"profit_growth_10years":-4.82,"price_to_earning":62.29,"industry":"Pharmaceuticals","analysis":{"remarks":[],"bad":["Stock is trading at 7.66 times its book value","Company has low interest coverage ratio.","The company has delivered a poor growth of 0.00% over past five years.","Earnings include an other income of Rs.63.89 Cr."],"good":["Company has a good return on equity (ROE) track record: 3 Years ROE 14.54%","Company has been maintaining a healthy dividend payout of 69.29%"]},"result_type":"sa","profit_growth_3years":-11.62,"sales_growth_5years":0.0,"return_on_equity":11.49,"average_return_on_equity_5years":26.78},"id":3767,"name":"Wockhardt Ltd"}
