{"prime":"sa","number_set":{"balancesheet":[["Share Capital",{"2008-03-31":295.79,"2016-03-31":420.53,"2014-03-31":360.63,"2011-03-31":347.15,"2015-03-31":417.74,"2013-03-31":358.62,"2006-03-31":270.0,"2012-03-31":352.99,"2017-03-31":456.49,"2010-03-31":339.67,"2009-03-31":296.98,"2007-03-31":280.0}],["Reserves",{"2008-03-31":1023.13,"2016-03-31":13366.07,"2014-03-31":6761.11,"2011-03-31":3446.93,"2015-03-31":11262.25,"2013-03-31":5449.05,"2006-03-31":302.69,"2012-03-31":4323.65,"2017-03-31":21597.57,"2010-03-31":2749.88,"2009-03-31":1327.24,"2007-03-31":507.06}],["Borrowings",{"2008-03-31":14259.37,"2016-03-31":143378.51,"2014-03-31":95506.31,"2011-03-31":52629.84,"2015-03-31":117396.25,"2013-03-31":87877.74,"2006-03-31":3375.14,"2012-03-31":63308.19,"2017-03-31":181480.53,"2010-03-31":31547.64,"2009-03-31":19871.1,"2007-03-31":9087.71}],["Other Liabilities",{"2008-03-31":1404.93,"2016-03-31":8098.3,"2014-03-31":6387.74,"2011-03-31":2583.07,"2015-03-31":7094.17,"2013-03-31":5418.71,"2006-03-31":216.26,"2012-03-31":5640.85,"2017-03-31":11525.33,"2010-03-31":1745.32,"2009-03-31":1405.47,"2007-03-31":1230.16}],["Total Liabilities",{"2008-03-31":16983.22,"2016-03-31":165263.41,"2014-03-31":109015.79,"2011-03-31":59006.99,"2015-03-31":136170.41,"2013-03-31":99104.12,"2006-03-31":4164.09,"2012-03-31":73625.68,"2017-03-31":215059.92,"2010-03-31":36382.51,"2009-03-31":22900.79,"2007-03-31":11104.93}],["Fixed Assets",{"2008-03-31":97.28,"2016-03-31":411.95,"2014-03-31":273.29,"2011-03-31":129.52,"2015-03-31":293.4,"2013-03-31":218.45,"2006-03-31":29.43,"2012-03-31":169.06,"2017-03-31":608.86,"2010-03-31":114.09,"2009-03-31":130.73,"2007-03-31":69.28}],["CWIP",{"2008-03-31":3.89,"2016-03-31":58.77,"2014-03-31":20.18,"2011-03-31":2.91,"2015-03-31":25.57,"2013-03-31":11.09,"2006-03-31":5.29,"2012-03-31":8.04,"2017-03-31":74.67,"2010-03-31":1.38,"2009-03-31":0.38,"2007-03-31":1.59}],["Investments",{"2008-03-31":5093.71,"2016-03-31":48838.47,"2014-03-31":40950.36,"2011-03-31":18828.84,"2015-03-31":43228.49,"2013-03-31":42976.04,"2006-03-31":1350.19,"2012-03-31":27757.35,"2017-03-31":50031.8,"2010-03-31":10209.94,"2009-03-31":7117.02,"2007-03-31":3073.12}],["Other Assets",{"2008-03-31":11788.34,"2016-03-31":115954.22,"2014-03-31":67771.96,"2011-03-31":40045.72,"2015-03-31":92622.95,"2013-03-31":55898.54,"2006-03-31":2779.18,"2012-03-31":45691.23,"2017-03-31":164344.59,"2010-03-31":26057.1,"2009-03-31":15652.66,"2007-03-31":7960.94}],["Total Assets",{"2008-03-31":16983.22,"2016-03-31":165263.41,"2014-03-31":109015.79,"2011-03-31":59006.99,"2015-03-31":136170.41,"2013-03-31":99104.12,"2006-03-31":4164.09,"2012-03-31":73625.68,"2017-03-31":215059.92,"2010-03-31":36382.51,"2009-03-31":22900.79,"2007-03-31":11104.93}]],"annual":[["Sales",{"2008-03-31":1304.68,"2016-03-31":13533.44,"2014-03-31":9981.35,"2011-03-31":4041.75,"2015-03-31":11572.01,"2013-03-31":8294.0,"2006-03-31":192.8,"2012-03-31":6307.36,"2017-03-31":16424.64,"2010-03-31":2369.71,"2009-03-31":2001.43,"2007-03-31":587.61}],["Expenses",{"2008-03-31":365.54,"2016-03-31":3402.12,"2014-03-31":2048.39,"2011-03-31":743.18,"2015-03-31":2539.14,"2013-03-31":1498.79,"2006-03-31":97.84,"2012-03-31":981.92,"2017-03-31":4738.7,"2010-03-31":606.73,"2009-03-31":472.22,"2007-03-31":217.36}],["Operating Profit",{"2008-03-31":939.14,"2016-03-31":10131.32,"2014-03-31":7932.96,"2011-03-31":3298.57,"2015-03-31":9032.87,"2013-03-31":6795.21,"2006-03-31":94.96,"2012-03-31":5325.44,"2017-03-31":11685.94,"2010-03-31":1762.98,"2009-03-31":1529.21,"2007-03-31":370.25}],["OPM",{"2008-03-31":71.98,"2016-03-31":74.86,"2014-03-31":79.48,"2011-03-31":81.61,"2015-03-31":78.06,"2013-03-31":81.93,"2006-03-31":49.25,"2012-03-31":84.43,"2017-03-31":71.15,"2010-03-31":74.4,"2009-03-31":76.41,"2007-03-31":63.01}],["Other Income",{"2008-03-31":360.68,"2016-03-31":2712.15,"2014-03-31":1721.58,"2011-03-31":623.27,"2015-03-31":2046.46,"2013-03-31":1257.43,"2006-03-31":99.81,"2012-03-31":857.12,"2017-03-31":4156.76,"2010-03-31":575.53,"2009-03-31":458.93,"2007-03-31":200.71}],["Interest",{"2008-03-31":974.11,"2016-03-31":8966.72,"2014-03-31":7265.09,"2011-03-31":2794.82,"2015-03-31":8084.17,"2013-03-31":6075.21,"2006-03-31":104.72,"2012-03-31":4691.72,"2017-03-31":10627.34,"2010-03-31":1581.76,"2009-03-31":1492.13,"2007-03-31":416.26}],["Depreciation",{"2008-03-31":19.23,"2016-03-31":110.56,"2014-03-31":63.17,"2011-03-31":34.84,"2015-03-31":85.04,"2013-03-31":51.71,"2006-03-31":5.66,"2012-03-31":40.82,"2017-03-31":171.25,"2010-03-31":30.26,"2009-03-31":30.1,"2007-03-31":11.07}],["Profit before tax",{"2008-03-31":306.48,"2016-03-31":3766.19,"2014-03-31":2326.28,"2011-03-31":1092.18,"2015-03-31":2910.11,"2013-03-31":1925.73,"2006-03-31":84.39,"2012-03-31":1450.02,"2017-03-31":5044.12,"2010-03-31":726.49,"2009-03-31":465.91,"2007-03-31":143.63}],["Tax",{"2008-03-31":106.46,"2016-03-31":1226.75,"2014-03-31":708.5,"2011-03-31":365.04,"2015-03-31":904.75,"2013-03-31":625.05,"2006-03-31":29.07,"2012-03-31":473.02,"2017-03-31":1714.02,"2010-03-31":248.75,"2009-03-31":162.07,"2007-03-31":49.26}],["Net Profit",{"2008-03-31":200.02,"2016-03-31":2539.45,"2014-03-31":1617.78,"2011-03-31":727.14,"2015-03-31":2005.36,"2013-03-31":1300.68,"2006-03-31":55.32,"2012-03-31":977.0,"2017-03-31":3330.1,"2010-03-31":477.74,"2009-03-31":303.84,"2007-03-31":94.37}],["EPS (unadj)",{"2008-03-31":6.76,"2016-03-31":58.35,"2014-03-31":43.5,"2011-03-31":20.53,"2015-03-31":46.17,"2013-03-31":35.29,"2006-03-31":2.05,"2012-03-31":27.03,"2017-03-31":72.95,"2010-03-31":13.81,"2009-03-31":10.23,"2007-03-31":3.37}],["Dividend Payout",{"2008-03-31":0.0,"2016-03-31":16.56,"2014-03-31":17.83,"2011-03-31":11.94,"2015-03-31":18.75,"2013-03-31":16.54,"2006-03-31":0.0,"2012-03-31":14.45,"2017-03-31":16.45,"2010-03-31":10.66,"2009-03-31":0.0,"2007-03-31":0.0}]],"cashflow":[["Cash from Operating Activity",{"2008-03-31":-196.47,"2016-03-31":-291.89,"2014-03-31":4448.94,"2011-03-31":3050.63,"2015-03-31":-2340.28,"2013-03-31":540.64,"2006-03-31":-165.97,"2012-03-31":3588.49,"2017-03-31":4378.65,"2010-03-31":960.13,"2009-03-31":1264.97,"2007-03-31":625.88}],["Cash from Investing Activity",{"2008-03-31":-49.54,"2016-03-31":-4035.58,"2014-03-31":-2798.93,"2011-03-31":-3423.72,"2015-03-31":-3608.19,"2013-03-31":-6741.53,"2006-03-31":-70.09,"2012-03-31":-4863.45,"2017-03-31":-4476.84,"2010-03-31":-2006.16,"2009-03-31":-1689.76,"2007-03-31":-47.22}],["Cash from Financing Activity",{"2008-03-31":580.74,"2016-03-31":4988.75,"2014-03-31":175.89,"2011-03-31":1195.82,"2015-03-31":7573.96,"2013-03-31":6681.11,"2006-03-31":398.61,"2012-03-31":1364.52,"2017-03-31":11429.21,"2010-03-31":1796.57,"2009-03-31":719.93,"2007-03-31":498.6}],["Net Cash Flow",{"2008-03-31":334.73,"2016-03-31":661.27,"2014-03-31":1825.9,"2011-03-31":822.73,"2015-03-31":1625.49,"2013-03-31":480.22,"2006-03-31":162.55,"2012-03-31":89.56,"2017-03-31":11331.02,"2010-03-31":750.54,"2009-03-31":295.14,"2007-03-31":1077.26}]],"quarters":[["Sales",{"2016-06-30":3801.83,"2016-12-31":4213.44,"2017-03-31":4348.99,"2017-06-30":4653.8,"2015-06-30":3251.85,"2015-03-31":3088.39,"2017-09-30":4800.34,"2015-12-31":3376.05,"2016-03-31":3528.3,"2017-12-31":5070.3,"2016-09-30":4060.37,"2015-09-30":3377.24}],["Expenses",{"2016-06-30":1116.96,"2016-12-31":1167.42,"2017-03-31":1515.84,"2017-06-30":1522.67,"2015-06-30":794.67,"2015-03-31":756.37,"2017-09-30":1673.92,"2015-12-31":901.38,"2016-03-31":1005.24,"2017-12-31":1730.57,"2016-09-30":1109.73,"2015-09-30":811.37}],["Operating Profit",{"2016-06-30":2684.87,"2016-12-31":3046.02,"2017-03-31":2833.15,"2017-06-30":3131.13,"2015-06-30":2457.18,"2015-03-31":2332.02,"2017-09-30":3126.42,"2015-12-31":2474.67,"2016-03-31":2523.06,"2017-12-31":3339.73,"2016-09-30":2950.64,"2015-09-30":2565.87}],["OPM",{"2016-06-30":70.62,"2016-12-31":72.29,"2017-03-31":65.15,"2017-06-30":67.28,"2015-06-30":75.56,"2015-03-31":75.51,"2017-09-30":65.13,"2015-12-31":73.3,"2016-03-31":71.51,"2017-12-31":65.87,"2016-09-30":72.67,"2015-09-30":75.98}],["Other Income",{"2016-06-30":961.0,"2016-12-31":1016.52,"2017-03-31":1257.39,"2017-06-30":1132.16,"2015-06-30":545.17,"2015-03-31":590.44,"2017-09-30":1248.44,"2015-12-31":746.07,"2016-03-31":802.81,"2017-12-31":1422.26,"2016-09-30":921.86,"2015-09-30":618.1}],["Depreciation",{"2016-06-30":0.0,"2016-12-31":0.0,"2017-03-31":0.0,"2017-06-30":0.0,"2015-06-30":0.0,"2015-03-31":0.0,"2017-09-30":0.0,"2015-12-31":0.0,"2016-03-31":0.0,"2017-12-31":0.0,"2016-09-30":0.0,"2015-09-30":0.0}],["Interest",{"2016-06-30":2545.73,"2016-12-31":2724.11,"2017-03-31":2709.29,"2017-06-30":2844.87,"2015-06-30":2192.04,"2015-03-31":2111.32,"2017-09-30":2915.25,"2015-12-31":2219.05,"2016-03-31":2286.86,"2017-12-31":3181.5,"2016-09-30":2648.21,"2015-09-30":2268.77}],["Profit before tax",{"2016-06-30":1100.14,"2016-12-31":1338.43,"2017-03-31":1381.25,"2017-06-30":1418.42,"2015-06-30":810.31,"2015-03-31":811.14,"2017-09-30":1459.61,"2015-12-31":1001.69,"2016-03-31":1039.01,"2017-12-31":1580.49,"2016-09-30":1224.29,"2015-09-30":915.2}],["Tax",{"2016-06-30":368.34,"2016-12-31":455.8,"2017-03-31":467.13,"2017-06-30":452.9,"2015-06-30":259.11,"2015-03-31":260.15,"2017-09-30":456.88,"2015-12-31":325.95,"2016-03-31":336.9,"2017-12-31":503.62,"2016-09-30":422.75,"2015-09-30":304.79}],["Net Profit",{"2016-06-30":731.8,"2016-12-31":882.63,"2017-03-31":914.12,"2017-06-30":965.52,"2015-06-30":551.2,"2015-03-31":550.99,"2017-09-30":1002.73,"2015-12-31":675.74,"2016-03-31":702.11,"2017-12-31":1076.87,"2016-09-30":801.54,"2015-09-30":610.41}]]},"bse_code":"532648","short_name":"Yes Bank","nse_code":"YESBANK","companyrating_set":[{"rating__rating":"[ICRA]AA+ (stable)","instrument":"Financial Sector Rating-Long Term","rating__source":"icra","link":"http://icra.in/search.aspx?word=Yes Bank Ltd"},{"rating__rating":"[ICRA]A1+","instrument":"Financial Sector Rating-Short Term","rating__source":"icra","link":"http://icra.in/search.aspx?word=Yes Bank Ltd"},{"rating__rating":"BWR AA +(Stable)","instrument":"Hybrid Tier I  90 Crore (enhanced from Rs. 85 Cr)","rating__source":"brickworks","link":"http://google.com/search?btnI=1&q=Yes Bank Ltd+site:brickworkratings.com"},{"rating__rating":"BWR AA +(Stable)","instrument":"Innovative Perpetual Debt Instrument 230 Crore","rating__source":"brickworks","link":"http://google.com/search?btnI=1&q=Yes Bank Ltd+site:brickworkratings.com"},{"rating__rating":"BWR AA +(Stable)","instrument":"Lower Tier II Bonds  300 Crore","rating__source":"brickworks","link":"http://google.com/search?btnI=1&q=Yes Bank Ltd+site:brickworkratings.com"},{"rating__rating":"CARE AA+","instrument":"LT InstrumentsBonds","rating__source":"care","link":"http://google.com/search?btnI=1&q=Yes Bank Ltd+site:careratings.com"},{"rating__rating":"CARE AA","instrument":"LT InstrumentsBonds","rating__source":"care","link":"http://google.com/search?btnI=1&q=Yes Bank Ltd+site:careratings.com"},{"rating__rating":"CARE AA","instrument":"LT InstrumentsDebt","rating__source":"care","link":"http://google.com/search?btnI=1&q=Yes Bank Ltd+site:careratings.com"},{"rating__rating":"BWR AA +(Stable)","instrument":"Upper / Lower Tier II Bonds  260 Crore (O/s out of Rs. 500 Cr)","rating__source":"brickworks","link":"http://google.com/search?btnI=1&q=Yes Bank Ltd+site:brickworkratings.com"},{"rating__rating":"BWR AA +(Stable)","instrument":"Upper Tier II Bonds  450 Crore","rating__source":"brickworks","link":"http://google.com/search?btnI=1&q=Yes Bank Ltd+site:brickworkratings.com"}],"annualreport_set":[{"source":"bse","report_date":2017,"link":"http://www.bseindia.com/bseplus/AnnualReport/532648/5326480317.pdf"},{"source":"bse","report_date":2016,"link":"http://www.bseindia.com/bseplus/AnnualReport/532648/5326480316.pdf"},{"source":"bse","report_date":2015,"link":"http://www.bseindia.com/bseplus/AnnualReport/532648/5326480315.pdf"},{"source":"bse","report_date":2014,"link":"http://www.bseindia.com/bseplus/AnnualReport/532648/5326480314.pdf"},{"source":"bse","report_date":2013,"link":"http://www.bseindia.com/bseplus/annualreport/532648/5326480313.pdf"},{"source":"bse","report_date":2012,"link":"http://www.bseindia.com/bseplus/annualreport/532648/5326480312.PDF"},{"source":"bse","report_date":2011,"link":"http://www.bseindia.com/bseplus/annualreport/532648/5326480311.pdf"},{"source":"nse","report_date":2011,"link":"http://nseindia.com/annual_reports/AR_YESBANK_2010_2011_18072011050505.zip"},{"source":"bse","report_date":2010,"link":"http://www.bseindia.com/bseplus/annualreport/532648/5326480310.pdf"},{"source":"nse","report_date":2010,"link":"http://nseindia.com/annual_reports/AR_YESBANK_2009_2010_24122010111248.zip"},{"source":"nse","report_date":2009,"link":"http://nseindia.com/annual_reports/AR_YESBANK_2008_2009_24092009111500.zip"}],"announcement_set":[{"ann_date":"06 Apr 2018","announcement":"Board to consider FY18 results & Dividend on April 26, 2018","link":"https://www.bseindia.com/corporates/anndet_new.aspx?newsid=3762751e-89d3-4407-905e-c89e387be5ed"},{"ann_date":"06 Apr 2018","announcement":"Intimation Of The Date Of The Board Meeting - Reg. 29 SEBI (Listing Obligations And Disclosure Requirements) Regulations, 2015","link":"https://www.bseindia.com/corporates/anndet_new.aspx?newsid=8d27ceaf-4715-42cc-9635-a903dc8e7f2d"},{"ann_date":"03 Apr 2018","announcement":"Announcement under Regulation 30 (LODR)-Change in Directorate","link":"https://www.bseindia.com/corporates/anndet_new.aspx?newsid=e23a8cdd-c122-4a8b-98e8-013a3d2f3415"},{"ann_date":"03 Apr 2018","announcement":"Regulation 30 Of SEBI (LODR) Regulations, 2015- Appointment Of Group CFO","link":"https://www.bseindia.com/corporates/anndet_new.aspx?newsid=b3c31181-cc48-4219-810f-ce536c076d1c"},{"ann_date":"30 Mar 2018","announcement":"Board Meeting-Closure of Trading Window","link":"https://www.bseindia.com/corporates/anndet_new.aspx?newsid=5a27e9f6-df89-4364-9d02-e1753552c2c5"}],"warehouse_set":{"high_price":382.9,"low_price":275.25,"sales_growth":20.95,"current_price":314.5,"dividend_yield":0.76,"face_value":2.0,"id":1799,"sales_growth_3years":18.06,"profit_growth_5years":27.77,"average_return_on_equity_3years":19.65,"book_value":108.99,"status":"Active","pair_url":"/company/YESBANK/consolidated","sales_growth_10years":32.5,"average_return_on_equity_10years":20.45,"profit_growth":26.98,"market_capitalization":72428.32,"profit_growth_10years":36.68,"price_to_earning":18.29,"industry":"Banks","analysis":{"remarks":[],"bad":["Company has low interest coverage ratio.","Promoter's stake has decreased","Promoter holding is low: 20.05%","Contingent liabilities of Rs.380787.75 Cr.","Earnings include an other income of Rs.5060.25 Cr."],"good":["Company has good consistent profit growth of 27.77% over 5 years","Company has been maintaining a healthy dividend payout of 17.07%"]},"result_type":"sa","profit_growth_3years":27.2,"sales_growth_5years":21.1,"return_on_equity":18.58,"average_return_on_equity_5years":20.78},"id":3783,"name":"Yes Bank Ltd"}
