{"prime":"con","number_set":{"balancesheet":[["Share Capital",{"2008-03-31":43.36,"2016-03-31":96.0,"2014-03-31":2113.0,"2011-03-31":97.8,"2015-03-31":2115.2,"2013-03-31":95.4,"2006-03-31":41.25,"2012-03-31":95.9,"2017-03-31":96.0,"2010-03-31":48.9,"2009-03-31":43.4,"2007-03-31":43.36}],["Reserves",{"2008-03-31":2084.89,"2016-03-31":3511.9,"2014-03-31":1855.1,"2011-03-31":2805.8,"2015-03-31":2472.3,"2013-03-31":3257.4,"2006-03-31":1503.69,"2012-03-31":2899.2,"2017-03-31":4325.6,"2010-03-31":2776.43,"2009-03-31":2299.6,"2007-03-31":1891.81}],["Borrowings",{"2008-03-31":204.26,"2016-03-31":1715.8,"2014-03-31":2.7,"2011-03-31":1.1,"2015-03-31":2.2,"2013-03-31":2.4,"2006-03-31":484.21,"2012-03-31":1.7,"2017-03-31":1909.2,"2010-03-31":118.9,"2009-03-31":170.95,"2007-03-31":254.05}],["Other Liabilities",{"2008-03-31":556.72,"2016-03-31":869.8,"2014-03-31":2783.0,"2011-03-31":680.3,"2015-03-31":3040.4,"2013-03-31":671.3,"2006-03-31":450.43,"2012-03-31":540.9,"2017-03-31":1111.5,"2010-03-31":644.22,"2009-03-31":439.15,"2007-03-31":426.02}],["Total Liabilities",{"2008-03-31":2889.23,"2016-03-31":6193.5,"2014-03-31":4736.8,"2011-03-31":3585.0,"2015-03-31":5610.9,"2013-03-31":4026.5,"2006-03-31":2479.58,"2012-03-31":3537.7,"2017-03-31":7442.3,"2010-03-31":3582.95,"2009-03-31":2953.1,"2007-03-31":2615.24}],["Fixed Assets",{"2008-03-31":122.13,"2016-03-31":304.1,"2014-03-31":262.8,"2011-03-31":154.8,"2015-03-31":293.5,"2013-03-31":226.0,"2006-03-31":107.53,"2012-03-31":177.2,"2017-03-31":300.6,"2010-03-31":158.37,"2009-03-31":139.92,"2007-03-31":93.21}],["CWIP",{"2008-03-31":18.35,"2016-03-31":46.3,"2014-03-31":99.7,"2011-03-31":0.8,"2015-03-31":87.9,"2013-03-31":6.9,"2006-03-31":7.76,"2012-03-31":20.1,"2017-03-31":98.7,"2010-03-31":111.1,"2009-03-31":18.33,"2007-03-31":12.16}],["Investments",{"2008-03-31":1349.47,"2016-03-31":2221.2,"2014-03-31":1008.0,"2011-03-31":985.5,"2015-03-31":1108.8,"2013-03-31":1069.2,"2006-03-31":1344.82,"2012-03-31":1060.2,"2017-03-31":2745.1,"2010-03-31":1531.93,"2009-03-31":1349.62,"2007-03-31":1345.89}],["Other Assets",{"2008-03-31":1399.28,"2016-03-31":3621.9,"2014-03-31":3366.3,"2011-03-31":2443.9,"2015-03-31":4120.7,"2013-03-31":2724.4,"2006-03-31":1019.47,"2012-03-31":2280.2,"2017-03-31":4297.9,"2010-03-31":1781.55,"2009-03-31":1445.23,"2007-03-31":1163.98}],["Total Assets",{"2008-03-31":2889.23,"2016-03-31":6193.5,"2014-03-31":4736.8,"2011-03-31":3585.0,"2015-03-31":5610.9,"2013-03-31":4026.5,"2006-03-31":2479.58,"2012-03-31":3537.7,"2017-03-31":7442.3,"2010-03-31":3582.95,"2009-03-31":2953.1,"2007-03-31":2615.24}]],"annual":[["Sales",{"2008-03-31":1041.99,"2016-03-31":4206.5,"2014-03-31":3075.7,"2011-03-31":2170.0,"2015-03-31":3426.2,"2013-03-31":2565.9,"2006-03-31":831.4,"2012-03-31":2204.0,"2017-03-31":4928.4,"2010-03-31":1278.74,"2009-03-31":1210.24,"2007-03-31":867.68}],["Expenses",{"2008-03-31":636.0,"2016-03-31":3094.1,"2014-03-31":2044.2,"2011-03-31":1386.4,"2015-03-31":2381.5,"2013-03-31":1703.6,"2006-03-31":752.49,"2012-03-31":1577.1,"2017-03-31":3423.4,"2010-03-31":747.63,"2009-03-31":849.35,"2007-03-31":655.58}],["Operating Profit",{"2008-03-31":405.99,"2016-03-31":1112.4,"2014-03-31":1031.5,"2011-03-31":783.6,"2015-03-31":1044.7,"2013-03-31":862.3,"2006-03-31":78.91,"2012-03-31":626.9,"2017-03-31":1505.0,"2010-03-31":531.11,"2009-03-31":360.89,"2007-03-31":212.1}],["OPM",{"2008-03-31":38.96,"2016-03-31":26.44,"2014-03-31":33.54,"2011-03-31":36.11,"2015-03-31":30.49,"2013-03-31":33.61,"2006-03-31":9.49,"2012-03-31":28.44,"2017-03-31":30.54,"2010-03-31":41.53,"2009-03-31":29.82,"2007-03-31":24.44}],["Other Income",{"2008-03-31":101.93,"2016-03-31":226.0,"2014-03-31":184.5,"2011-03-31":80.7,"2015-03-31":227.3,"2013-03-31":118.9,"2006-03-31":52.96,"2012-03-31":128.9,"2017-03-31":394.1,"2010-03-31":106.18,"2009-03-31":107.67,"2007-03-31":61.45}],["Interest",{"2008-03-31":42.98,"2016-03-31":148.6,"2014-03-31":7.2,"2011-03-31":3.4,"2015-03-31":1.8,"2013-03-31":1.3,"2006-03-31":13.99,"2012-03-31":0.5,"2017-03-31":126.4,"2010-03-31":17.52,"2009-03-31":77.88,"2007-03-31":18.92}],["Depreciation",{"2008-03-31":10.6,"2016-03-31":59.9,"2014-03-31":33.8,"2011-03-31":16.7,"2015-03-31":58.0,"2013-03-31":28.0,"2006-03-31":14.85,"2012-03-31":21.5,"2017-03-31":77.1,"2010-03-31":11.43,"2009-03-31":11.92,"2007-03-31":8.51}],["Profit before tax",{"2008-03-31":454.34,"2016-03-31":1129.9,"2014-03-31":1175.0,"2011-03-31":844.2,"2015-03-31":1212.2,"2013-03-31":951.9,"2006-03-31":103.03,"2012-03-31":733.8,"2017-03-31":1695.6,"2010-03-31":608.34,"2009-03-31":378.76,"2007-03-31":246.12}],["Tax",{"2008-03-31":159.22,"2016-03-31":471.7,"2014-03-31":402.7,"2011-03-31":267.8,"2015-03-31":380.4,"2013-03-31":311.2,"2006-03-31":33.95,"2012-03-31":244.1,"2017-03-31":661.6,"2010-03-31":49.5,"2009-03-31":69.02,"2007-03-31":79.91}],["Net Profit",{"2008-03-31":295.12,"2016-03-31":658.2,"2014-03-31":772.3,"2011-03-31":576.4,"2015-03-31":831.8,"2013-03-31":640.7,"2006-03-31":69.08,"2012-03-31":489.7,"2017-03-31":1034.0,"2010-03-31":558.84,"2009-03-31":309.74,"2007-03-31":166.21}],["EPS (unadj)",{"2008-03-31":6.47,"2016-03-31":6.86,"2014-03-31":7.6,"2011-03-31":5.57,"2015-03-31":6.69,"2013-03-31":6.37,"2006-03-31":1.53,"2012-03-31":4.86,"2017-03-31":10.77,"2010-03-31":12.13,"2009-03-31":6.8,"2007-03-31":3.58}],["Dividend Payout",{"2008-03-31":29.38,"2016-03-31":32.83,"2014-03-31":24.87,"2011-03-31":33.94,"2015-03-31":25.98,"2013-03-31":29.78,"2006-03-31":59.73,"2012-03-31":29.37,"2017-03-31":23.22,"2010-03-31":31.06,"2009-03-31":28.02,"2007-03-31":39.13}]],"cashflow":[["Cash from Operating Activity",{"2008-03-31":195.83,"2016-03-31":549.8,"2014-03-31":443.0,"2011-03-31":465.8,"2015-03-31":662.3,"2013-03-31":669.8,"2006-03-31":56.25,"2012-03-31":358.8,"2017-03-31":888.4,"2010-03-31":164.24,"2009-03-31":181.47,"2007-03-31":4.35}],["Cash from Investing Activity",{"2008-03-31":-5.47,"2016-03-31":42.2,"2014-03-31":-368.2,"2011-03-31":-314.2,"2015-03-31":-182.7,"2013-03-31":-279.5,"2006-03-31":-104.45,"2012-03-31":21.4,"2017-03-31":-349.8,"2010-03-31":312.28,"2009-03-31":109.45,"2007-03-31":-174.02}],["Cash from Financing Activity",{"2008-03-31":-172.03,"2016-03-31":-410.4,"2014-03-31":-148.6,"2011-03-31":-298.0,"2015-03-31":-341.8,"2013-03-31":-226.1,"2006-03-31":33.35,"2012-03-31":-458.0,"2017-03-31":-378.8,"2010-03-31":-286.66,"2009-03-31":-202.7,"2007-03-31":149.8}],["Net Cash Flow",{"2008-03-31":18.33,"2016-03-31":181.6,"2014-03-31":-73.8,"2011-03-31":-146.4,"2015-03-31":137.8,"2013-03-31":164.2,"2006-03-31":-14.85,"2012-03-31":-77.8,"2017-03-31":159.8,"2010-03-31":189.86,"2009-03-31":88.22,"2007-03-31":-19.87}]],"quarters":[["Sales",{"2016-06-30":1178.54,"2016-12-31":1275.85,"2017-03-31":1198.9,"2017-06-30":1302.57,"2015-06-30":970.23,"2015-03-31":913.94,"2017-09-30":1351.47,"2015-12-31":1132.47,"2016-03-31":1082.25,"2017-12-31":1552.94,"2016-09-30":1275.08,"2015-09-30":1021.59}],["Expenses",{"2016-06-30":889.18,"2016-12-31":844.6,"2017-03-31":758.28,"2017-06-30":840.31,"2015-06-30":706.07,"2015-03-31":723.63,"2017-09-30":850.2,"2015-12-31":774.52,"2016-03-31":680.35,"2017-12-31":986.48,"2016-09-30":931.33,"2015-09-30":773.13}],["Operating Profit",{"2016-06-30":289.36,"2016-12-31":431.25,"2017-03-31":440.62,"2017-06-30":462.26,"2015-06-30":264.16,"2015-03-31":190.31,"2017-09-30":501.27,"2015-12-31":357.95,"2016-03-31":401.9,"2017-12-31":566.46,"2016-09-30":343.75,"2015-09-30":248.46}],["OPM",{"2016-06-30":24.55,"2016-12-31":33.8,"2017-03-31":36.75,"2017-06-30":35.49,"2015-06-30":27.23,"2015-03-31":20.82,"2017-09-30":37.09,"2015-12-31":31.61,"2016-03-31":37.14,"2017-12-31":36.48,"2016-09-30":26.96,"2015-09-30":24.32}],["Other Income",{"2016-06-30":57.85,"2016-12-31":55.48,"2017-03-31":116.16,"2017-06-30":382.3,"2015-06-30":-1.94,"2015-03-31":55.03,"2017-09-30":57.04,"2015-12-31":9.59,"2016-03-31":53.6,"2017-12-31":44.52,"2016-09-30":164.67,"2015-09-30":4.69}],["Depreciation",{"2016-06-30":18.35,"2016-12-31":19.19,"2017-03-31":20.93,"2017-06-30":21.09,"2015-06-30":14.65,"2015-03-31":14.78,"2017-09-30":23.55,"2015-12-31":16.2,"2016-03-31":14.04,"2017-12-31":29.53,"2016-09-30":18.64,"2015-09-30":15.04}],["Interest",{"2016-06-30":6.29,"2016-12-31":6.23,"2017-03-31":107.69,"2017-06-30":14.3,"2015-06-30":6.28,"2015-03-31":0.85,"2017-09-30":-1.65,"2015-12-31":7.2,"2016-03-31":128.82,"2017-12-31":1.39,"2016-09-30":6.24,"2015-09-30":6.27}],["Profit before tax",{"2016-06-30":322.57,"2016-12-31":461.31,"2017-03-31":428.16,"2017-06-30":809.17,"2015-06-30":241.29,"2015-03-31":229.71,"2017-09-30":536.41,"2015-12-31":344.14,"2016-03-31":312.64,"2017-12-31":580.06,"2016-09-30":483.54,"2015-09-30":231.84}],["Tax",{"2016-06-30":152.21,"2016-12-31":187.42,"2017-03-31":166.09,"2017-06-30":232.65,"2015-06-30":103.61,"2015-03-31":55.46,"2017-09-30":189.37,"2015-12-31":137.79,"2016-03-31":128.25,"2017-12-31":214.87,"2016-09-30":155.8,"2015-09-30":102.09}],["Net Profit",{"2016-06-30":170.36,"2016-12-31":273.89,"2017-03-31":262.07,"2017-06-30":576.52,"2015-06-30":137.68,"2015-03-31":174.25,"2017-09-30":347.04,"2015-12-31":206.35,"2016-03-31":184.39,"2017-12-31":365.19,"2016-09-30":327.74,"2015-09-30":129.75}]]},"bse_code":"505537","short_name":"Zee Entertainmen","nse_code":"ZEEL","companyrating_set":[{"rating__rating":"CARE AA","instrument":"Bank FacilitiesFund Based - LT","rating__source":"care","link":"http://google.com/search?btnI=1&q=Zee Entertainment Enterprises Ltd+site:careratings.com"},{"rating__rating":"CARE A1+","instrument":"Bank FacilitiesFund Based - ST","rating__source":"care","link":"http://google.com/search?btnI=1&q=Zee Entertainment Enterprises Ltd+site:careratings.com"},{"rating__rating":"BWR AA +(Stable)","instrument":"Cumulative Redeemable Non Convertible Preference Shares  2100 Crore","rating__source":"brickworks","link":"http://google.com/search?btnI=1&q=Zee Entertainment Enterprises Ltd+site:brickworkratings.com"},{"rating__rating":"BWR AA +","instrument":"Issuer Rating","rating__source":"brickworks","link":"http://google.com/search?btnI=1&q=Zee Entertainment Enterprises Ltd+site:brickworkratings.com"}],"annualreport_set":[{"source":"bse","report_date":2017,"link":"http://www.bseindia.com/bseplus/AnnualReport/505537/5055370317.pdf"},{"source":"bse","report_date":2016,"link":"http://www.bseindia.com/bseplus/AnnualReport/505537/5055370316.pdf"},{"source":"bse","report_date":2015,"link":"http://www.bseindia.com/bseplus/AnnualReport/505537/5055370315.pdf"},{"source":"bse","report_date":2014,"link":"http://www.bseindia.com/bseplus/AnnualReport/505537/5055370314.pdf"},{"source":"bse","report_date":2013,"link":"http://www.bseindia.com/bseplus/annualreport/505537/5055370313.pdf"},{"source":"nse","report_date":2012,"link":"http://nseindia.com/annual_reports/AR_ZEEL_2011_2012_26062012125852.zip"},{"source":"bse","report_date":2011,"link":"http://www.bseindia.com/bseplus/annualreport/505537/5055370311.pdf"},{"source":"nse","report_date":2011,"link":"http://nseindia.com/annual_reports/AR_ZEEL_2010_2011_08082011051111.zip"},{"source":"bse","report_date":2010,"link":"http://www.bseindia.com/bseplus/annualreport/505537/5055370310.pdf"},{"source":"nse","report_date":2010,"link":"http://nseindia.com/annual_reports/AR_ZEEL_2009_2010_10112010120000.zip"}],"announcement_set":[{"ann_date":"03 Apr 2018","announcement":"Board Meeting-Outcome of Committee Meeting","link":"https://www.bseindia.com/corporates/anndet_new.aspx?newsid=afb9e06f-5d64-48bb-8e2e-fee283d27b9d"},{"ann_date":"02 Apr 2018","announcement":"Board Meeting-Closure of Trading Window","link":"https://www.bseindia.com/corporates/anndet_new.aspx?newsid=e7f257a2-0b25-4e58-8c50-961be7ff9b77"},{"ann_date":"16 Mar 2018","announcement":"Update On Material Information Under Regulation 30 Of SEBI Listing Regulation - Acquisition Of Equity Stake In 9X Entities","link":"https://www.bseindia.com/corporates/anndet_new.aspx?newsid=4fc19188-5aac-4367-ab55-5699a8ec2b4b"},{"ann_date":"12 Mar 2018","announcement":"Zee Entertainment Enterprises Ltd reply to clarification sought by the exchange","link":"https://www.bseindia.com/corporates/anndet_new.aspx?newsid=85493ae8-48b7-49d0-b4ee-6db94a9aa9ff"},{"ann_date":"09 Mar 2018","announcement":"Clarification sought from Zee Entertainment Enterprises Ltd","link":"https://www.bseindia.com/corporates/anndet_new.aspx?newsid=1628bf79-148c-45a0-a923-cb8d293c39a1"}],"warehouse_set":{"high_price":619.0,"low_price":458.1,"sales_growth":12.35,"current_price":584.5,"dividend_yield":0.43,"face_value":1.0,"id":3546,"sales_growth_3years":17.02,"profit_growth_5years":15.22,"average_return_on_equity_3years":26.61,"book_value":59.45,"status":"Active","pair_url":"/company/ZEEL/consolidated","sales_growth_10years":18.84,"average_return_on_equity_10years":22.2,"profit_growth":62.16,"market_capitalization":56138.51,"profit_growth_10years":14.5,"price_to_earning":36.88,"industry":"Broadcasting & Cable TV","analysis":{"remarks":[],"bad":["Stock is trading at 9.83 times its book value","Promoters have pledged 45.67% of their holding"],"good":["Company has a good return on equity (ROE) track record: 3 Years ROE 26.61%","Company has been maintaining a healthy dividend payout of 26.64%"]},"result_type":"sa","profit_growth_3years":9.15,"sales_growth_5years":17.46,"return_on_equity":25.05,"average_return_on_equity_5years":25.58},"id":3788,"name":"Zee Entertainment Enterprises Ltd"}
